5054 6256
1154 765 1304 864 cxc,
1933 770 2036 896 269'

605 963 638 1026 ‘f
657 954 783 1035 LVII.
805 951 868 1034 De
886 948 1122 1058 juramentis
1140 947 1430 1061 episcoporum.

606 1075 802 1157 “LVIII.
823 1075 885 1153 De
903 1068 1112 1151 vexatione
1132 1069 1423 1180 episcoporum.

819 1191 1000 1272 Maxima
1006 1208 1099 1300 pars
1110 1190 1219 1296 lesus
1229 1190 1386 1297 capituli
1395 1187 1502 1297 etfix
1511 1185 1655 1298 reliqua
1666 1189 1924 1296 desiderantur,
1940 1192 2028 1274 viz.

603 1316 629 1354 “
652 1309 757 1390 LIX
779 1312 844 1390 De
854 1309 996 1418 pastore
1008 1329 1044 1391 ct
1055 1310 1300 1418 predicatore.
1348 1307 1434 1389 LX.
1455 1306 1576 1387 Verba
1589 1309 1799 1391 Ezechielis
1809 1311 2010 1419 propheta.

603 1437 630 1474 ‘⁶
651 1426 757 1510 LXI.
777 1435 870 1512 Item
888 1431 931 1512 de
942 1433 1096 1542 pastore.
1143 1431 1269 1510 LXII.
1291 1431 1357 1509 De
1373 1428 1541 1536 episcopes
1559 1446 1595 1510 et
1605 1429 1832 1537 presbeteris.
1878 1431 2024 1514 LXIII.

602 1559 628 1592 “
649 1551 714 1630 De
740 1552 935 1634 cotidianis
961 1554 1124 1663 operibus
1151 1547 1399 1660 episcoporum.
1458 1549 1602 1629 LXIV.
1622 1550 1850 1659 Augustinus
1867 1554 2026 1632 Aureli

602 1677 629 1711 “
650 1697 734 1748 enes
752 1673 812 1779 epi
825 1691 928 1781 copus
946 1675 1076 1755 dicit.”
1190 1737 1194 1746 .

491 1790 1029 1894 «3“1N01P1UNT
1064 1791 1413 1873 CAPITULA
1447 1789 1534 1869 DE
1568 1789 2008 1874 CANONIBUSJ’

599 1908 779 1990 Rubrica
812 1911 937 1996 mum
966 1940 1139 1996 emortum
1168 1911 1411 2004 omittuntur·
1450 1910 1492 1988 in
1520 1907 1637 1988 codice
1671 1937 1759 1989 vero
1782 1912 2025 2018 penitentiale

597 2024 774 2113 Theodori
791 2031 929 2170 excipit
946 2061 984 2113 co
985 2031 1101 2113 tectio
1120 2057 1305 2124 canonum,
1325 2056 1405 2138 qua
1422 2044 1543 2109 tamen
1557 2025 1650 2108 milei
1668 2027 1821 2108 videtur
1832 2031 2024 2140 purssub-

586 2147 774 2256 sequentis
791 2154 920 2353 operis,
941 2153 1131 2235 concordat
1147 2152 1244 2234 enim
1263 2179 1348 2232 cum
1363 2149 1432 2231 illa
1449 2148 1652 2230 collectione
1666 2166 1775 2256 quum
1794 2151 1911 2231 edidit
1925 2153 2025 2234 Wil-

598 2269 680 2348 kins
686 2265 760 2376 sub
777 2272 886 2354 titulo
903 2274 1169 2383 excerptionum
1187 2303 1232 2354 cx
1249 2272 1455 2354 canonibus.

530 2408 570 2484 4.
600 2389 978 2474 INCIPIUNT
1011 2395 1397 2502 [CAPITULA
1410 2393 1496 2473 DE
1526 2389 2023 2497 SACE]RDOTALI
2154 2512 2159 2520 Ι

599 2510 771 2615 JURE
806 2515 1162 2596 EGCBERTI
1196 2515 1762 2594 ARCHIEPISCOPI.

599 2633 747 2737 Desunt
765 2635 887 2714 XXV
890 2634 1026 2743 priora
1044 2634 1222 2742 capitula,
1242 2661 1391 2742 quorum
1411 2629 1572 2710 rubreca
1578 2631 1858 2738 subsequuntur

601 2753 681 2833 “.Ι
702 2755 795 2833 Item
820 2781 931 2836 canon
948 2754 1173 2866 sanctorum.
1231 2755 1283 2833 ΙΙ.
1304 2755 1369 2834 De
1394 2750 1523 2856 regula
1541 2752 1804 2834 canonicorum.
1864 2755 1935 2836 ΙΙΙ.
1958 2755 2025 2834 De

601 2879 629 2916 ‘¹
650 2874 780 2980 regula
804 2877 961 2957 omnium
984 2875 1274 2982 christianorum.
1333 2875 1403 2955 IV.
1421 2875 1527 2952 Item.
1585 2875 1635 2953 V.
1655 2877 1721 2954 De
1739 2893 1894 2981 quatuor
1906 2877 2023 2986 prin-

602 2998 629 3037 “
649 2993 734 3100 cipe
734 2994 828 3075 ebus
833 2997 991 3104 synodis.
1020 2998 1092 3077 VI.
1108 2999 1174 3076 De
1179 2993 1348 3106 synodale
1365 3011 1554 3075 conventu.
1585 2995 1676 3074 VII.
1690 2996 1754 3078 De
1763 2997 2024 3104 penitentibus.

603 3119 630 3157 “
649 3113 761 3196 VIII.
783 3118 849 3198 De
881 3117 1134 3226 episcoporum
1151 3117 1342 3224 ministris.
1400 3117 1470 3197 IX.
1491 3119 1556 3196 De
1587 3117 1914 3200 excommunicatis.
1971 3119 2024 3198 X.

604 3238 744 3316 “Item
771 3237 814 3319 de
828 3237 974 3348 synodis
992 3237 1239 3347 episcoporum.
1296 3237 1367 3318 XI.
1388 3237 1452 3318 De
1472 3236 1786 3318 excommunicetis
1813 3267 1859 3320 ex
1876 3239 2026 3321 concilio

602 3365 630 3402 “
649 3359 862 3442 Antioceno.
906 3359 995 3439 XII.
1012 3364 1104 3470 Item
1121 3359 1402 3466 contrusontiec
1420 3359 1503 3438 Dei
1520 3358 1667 3462 ecclesa
1685 3356 1861 3440 inimicos.
1910 3359 2025 3440 ΧΙΙΙ.

603 3485 631 3524 “
651 3481 717 3559 De
744 3480 1105 3562 excommunicatione
1132 3501 1260 3563 contra
1291 3497 1541 3589 contemptores
1569 3479 1658 3586 legis
1686 3479 1765 3558 Dei
1796 3499 1832 3562 et
1861 3479 2026 3561 inimicos

606 3597 784 3702 “scentia
807 3601 888 3680 Dei
915 3599 1074 3704 ecclesa.
1129 3601 1239 3680 XIV.
1260 3602 1326 3680 De
1357 3601 1414 3683 his
1441 3600 1506 3710 qui
1526 3600 1603 3707 posi
1631 3601 2026 3681 excommunicationem

604 3725 631 3761 ‘¹
651 3745 731 3798 cum
751 3720 851 3800 luliu
871 3719 1087 3829 penitentia
1108 3719 1163 3800 ad
1179 3721 1505 3803 reconciliationem
1524 3720 1693 3802 veniunt.
1749 3719 1838 3802 XV.
1857 3722 1900 3802 de
1910 3721 2027 3831 scele-

606 3847 638 3917 ‘6
653 3841 749 3919 ratis
768 3857 805 3920 et
814 3839 961 3948 publice
981 3839 1250 3924 contaminatis.
1304 3841 1412 3920 XVI.
1430 3847 1524 3924 Item
1540 3843 1735 3949 exemplum
1754 3842 1905 3924 levioris
1917 3843 2027 3951 peni-

604 3971 631 4006 “
650 3962 789 4055 tentia.
855 3960 983 4041 XVII.
1009 3962 1271 4071 Excerptiones
1307 3961 1350 4042 de
1385 3962 1494 4043 libris
1525 3963 1720 4046 canonicis.
1785 3961 1934 4039 XVIIIa
1960 3966 2027 4044 De

606 4089 633 4126 ‘⁶
651 4081 861 4164 humilitate
878 4096 914 4160 et
931 4079 1117 4189 dignitate
1126 4082 1324 4192 pastorum.
1367 4081 1477 4160 XIX.
1495 4082 1560 4161 De
1578 4082 1706 4162 timore
1723 4082 1887 4161 humano.
1918 4079 2026 4162 XX.

605 4213 632 4249 “
655 4205 716 4284 De
730 4201 954 4310 inslitutione
961 4219 1130 4310 petrum.
1145 4202 1307 4284 Karalus
1317 4203 1359 4283 dc
1373 4199 1632 4306 restauratione
1648 4199 1879 4308 ecolefia'rum.
1915 4199 2025 4282 XXI.

604 4331 632 4367 “
654 4321 894 4429 Desabbnto.
941 4323 1071 4400 XXII.
1092 4323 1157 4402 De
1174 4319 1231 4401 his
1250 4321 1315 4430 qui
1333 4319 1567 4402 morientibus
1578 4321 1822 4427 penitentium
1840 4319 2028 4427 denegant.

607 4453 633 4488 “
653 4443 805 4524 XXIII.
832 4443 896 4522 De
924 4470 1013 4522 cena
1040 4441 1211 4524 Domini.
1270 4439 1418 4521 XXIV.
1445 4443 1511 4522 De
1542 4442 1800 4545 consecratione
1830 4439 2026 4546 crismatis.

606 4576 632 4611 “
652 4563 780 4643 XXV.
801 4565 853 4646 Ut
870 4561 917 4643 ab
935 4563 1089 4646 alterius
1107 4562 1259 4674 episcopo
1277 4559 1395 4643 nullus
1413 4563 1545 4670 crisma
1563 4563 1739 4675 accepiet.

590 4696 632 4732 '“
653 4683 801 4765 XXVI.
823 4685 885 4764 De
904 4681 1109 4791 conjugio.

608 4819 634 4855 ‘²
654 4805 823 4887 XXVII.
843 4807 907 4886 De
925 4803 1107 4913 legitimo
1125 4799 1329 4911 conjugia

609 4937 635 4975 “
656 4925 845 5007 XXVIII.
868 4929 930 5008 De
950 4922 1212 5008 matrimonio
1231 4922 1491 5060 Iervqurum.

558 5157 562 5166 ι
609 5057 636 5096 “
657 5045 804 5166 XXIX.
825 5043 1155 5132 Deconcubinis.
