5054 6256
519 752 615 870 246
1212 741 1411 846 CLXX.

568 959 634 1038 91.
665 929 777 1014 Talis
803 927 1040 1043 dispensatio
1059 929 1235 1014 concessa
1255 931 1465 1016 Willelmo
1485 931 1787 1042 Thornebourg
1805 933 1937 1017 Lond.
1953 931 2058 1018 diue.

576 1086 578 1092 ¹
672 1079 789 1159 1504,
814 1071 962 1160 51131.
1542 1119 1562 1142 .

415 1251 419 1258 ,
567 1193 632 1276 92.
664 1169 912 1280 Dispensatio
940 1169 1091 1279 papalis
1120 1170 1297 1254 concessa
1323 1169 1496 1252 Iohanni
1518 1168 1603 1252 filio
1623 1167 1822 1252 Willelnri
1843 1171 1953 1254 Rede
1982 1199 2060 1284 pro

661 1289 820 1372 defeciu
840 1289 1051 1386 natalium,
1079 1317 1194 1397 1504,
1218 1309 1261 1400 p.
1278 1315 1367 1398 131.

552 1425 635 1520 93.
666 1413 782 1492 Bulla
801 1415 1018 1493 Alexandri
1039 1437 1152 1522 papae
1172 1439 1246 1521 pro
1266 1411 1430 1506 unione,
1454 1429 1495 1519 p.
1516 1433 1604 1516 133.

567 1564 633 1642 94.
665 1533 914 1644 Dispensatio
939 1531 1112 1613 Simonis
1136 1534 1362 1641 [Sudbury]
1387 1530 1558 1640 episcopi
1577 1531 1767 1614 London.
1787 1548 1835 1612 ut
1857 1531 2056 1616 Iohannes

662 1660 712 1740 de
727 1655 911 1764 Appeiby
925 1669 1058 1734 teneat
1075 1652 1361 1734 cononicatum
1384 1669 1423 1732 et
1442 1653 1684 1760 prebendam
1706 1654 1755 1733 de
1771 1653 2057 1766 Chamberley-

666 1775 852 1856 neswood
881 1773 924 1853 in
944 1771 1101 1852 ecclesra
1121 1771 1339 1852 cathedrali
1360 1773 1398 1852 S.
1413 1770 1527 1854 Pauli
1546 1798 1639 1854 cum
1668 1773 2058 1882 decanatu-ejusdem

663 1893 844 1988 ecclesrae,
875 1893 967 1972 data
989 1916 1036 1970 22
1054 1893 1162 1974 Nov.
1188 1889 1306 1993 1468,
1335 1891 1427 1974 ibid.

661 2020 708 2098 In
736 2015 805 2096 hac
832 2013 1086 2122 disperputione
1112 2013 1243 2092 mentio
1257 2013 1313 2118 fit
1330 2012 1590 2118 cortsaetudinis
1612 2013 1761 2121 ejufisem
1780 2017 1939 2120 eccltfiae,
1968 2022 2062 2128 quad

661 2137 814 2217 decanus
842 2163 906 2214 nec
933 2133 1098 2214 elessr'oni
1124 2132 1275 2240 episcopi
1305 2161 1369 2213 nec
1395 2134 1619 2215 tractatibus
1649 2137 1917 2240 capitularibus
1948 2141 2058 2249 adeffl

654 2257 766 2367 potest
796 2255 866 2370 nist
884 2254 1016 2360 suerit
1046 2254 1237 2334 canonicus
1259 2253 1515 2360 prehendatur,
1555 2271 1591 2334 et
1622 2255 1848 2362 residentiam
1880 2275 2056 2371 tanquam

660 2377 850 2459 canonicus
855 2374 1012 2482 fecerit.
1756 2441 1760 2448 .

566 2525 632 2606 95.
663 2494 859 2578 Inhibitio
876 2489 1056 2575 officialis
1076 2489 1196 2574 curiae
1216 2493 1336 2576 Cant.
1355 2497 1405 2576 ad
1434 2493 1664 2577 instantiam
1687 2495 1879 2579 Iohannis
1899 2499 2056 2584 Forster

662 2637 701 2700 et
718 2619 787 2698 W.
799 2613 993 2696 Lichfield
1009 2611 1299 2694 canonicorum
1314 2631 1353 2695 et
1367 2614 1622 2698 refidentium
1638 2617 1803 2698 ecclesrae
1820 2621 2054 2706 cathedralis

662 2735 826 2819 S.Pauli
843 2735 975 2815 Lond.
998 2760 1048 2813 ne
1068 2734 1267 2814 Iohannes
1288 2735 1420 2830 Perat,
1451 2733 1523 2844 qui
1543 2763 1566 2817 a
1586 2741 1637 2818 R.
1650 2738 1882 2820 Sherbourn
1901 2743 2054 2826 decano

660 2857 768 2939 secus
792 2883 836 2938 ae
864 2851 1108 2964 permittunt
1126 2851 1434 2936 consuetudines
1453 2854 1627 2958 ejusdem
1648 2857 1817 2940 ecciessae
1836 2861 2052 2972 deputatus

656 2974 741 3080 ejus
761 2975 995 3058 nominatus
1014 2973 1083 3068 est,
1104 2973 1193 3076 iura
1212 2993 1354 3056 eorum
1374 2976 1554 3058 molestet
1574 2994 1613 3058 et
1632 2975 1842 3083 infringat.

565 3095 631 3205 96.
661 3093 814 3205 Opinio
835 3093 941 3176 Petri
958 3137 1182 3158 ---·
1206 3096 1476 3204 procuratoris
1504 3095 1546 3176 in
1573 3095 1688 3178 causa
1716 3097 1892 3182 dominae
1918 3101 2052 3184 Eliza-

659 3217 790 3299 bethae
809 3217 1020 3310 Croxston,
1045 3233 1087 3324 p.
1105 3241 1198 3322 135.

564 3367 630 3451 97.
662 3337 845 3420 Licentia
860 3335 1028 3418 Henrici
1047 3333 1217 3444 episcopi
1232 3338 1374 3416 Sarum
1390 3333 1565 3418 concessa
1586 3335 1797 3418 Matutino
1813 3338 1945 3448 Cosyn
1964 3367 2052 3450 pre-

661 3455 850 3538 bendario
881 3457 929 3535 de
955 3455 1217 3537 thherburn
1247 3453 1288 3535 in
1318 3453 1475 3536 ecclesra
1502 3459 1658 3552 Sarum,
1688 3475 1735 3538 ut
1764 3461 1931 3540 eandem
1963 3489 2053 3569 pre-

659 3578 831 3659 bendam
863 3575 1056 3684 resignare
1083 3591 1123 3656 et
1151 3600 1246 3656 cum
1275 3577 1453 3682 Hugone
1481 3578 1629 3656 Oldam
1659 3577 1829 3658 rradtare
1858 3581 1975 3689 possit
2003 3585 2053 3666 de

659 3696 848 3806 pensrone
866 3696 958 3777 inde
978 3695 1219 3792 reservanda,
1249 3697 1344 3778 data
1369 3723 1415 3800 19
1431 3697 1526 3777 Feb.
1554 3724 1669 3802 1500,
1693 3715 1734 3804 p.
1754 3699 1842 3805 136.

565 3817 630 3928 98.
660 3815 842 3898 Licentia
866 3813 1037 3926 episcopi
1055 3817 1244 3898 London.
1265 3832 1312 3896 ut
1333 3813 1540 3924 episcopus
1563 3819 1704 3897 Sarum
1733 3817 1851 3926 possit
1876 3818 1918 3899 in
1939 3823 2055 3905 causa

661 3935 860 4047 praedistae
889 3934 1088 4045 pensionis
1122 3935 1361 4016 reservandae
1393 3933 1499 4016 intra
1529 3933 1634 4016 dioc.
1664 3937 1796 4017 Lond.
1827 3943 2051 4048 procedere,

660 4059 755 4139 data
779 4086 828 4162 14
843 4057 937 4138 Feb.
962 4082 1080 4163 1500,
1108 4056 1200 4136 ibid.

562 4211 629 4291 99.
659 4179 986 4262 Procuratorium
1006 4176 1104 4258 dieti
1120 4173 1317 4256 Maculini
1337 4177 1388 4257 ad
1407 4173 1555 4257 uittam
1576 4173 1881 4282 resignationem
1900 4179 2050 4265 sacien-

506 4303 509 4311 '
659 4301 766 4394 dam,
796 4301 889 4380 data
912 4327 959 4402 19
975 4298 1069 4378 Feb.
1097 4322 1213 4403 1500,
1237 4315 1280 4403 p.
1299 4321 1387 4403 137.

571 4447 659 4504 100.
689 4416 896 4524 obligatio
930 4415 1121 4522 Hugonis
1151 4417 1281 4496 Adam
1322 4417 1372 4496 ad
1407 4413 1580 4496 solvend.
1615 4413 1807 4523 predicto
1840 4420 2053 4504 Maculino

687 4537 887 4619 summam
908 4534 958 4636 48
966 4532 1003 4637 ,s
1009 4594 1018 4614 .
1038 4535 1250 4616 annuatim
1271 4561 1317 4614 ex
1338 4533 1527 4643 praedidia
1548 4535 1761 4642 prebenda,
1788 4554 1826 4644 p.
1847 4539 1934 4644 138.

567 4691 657 4745 101.
687 4658 803 4740 Bulla
835 4653 1052 4738 Alexandri
1089 4683 1202 4766 papae
1220 4657 1288 4736 Vi.
1321 4681 1396 4763 pro
1429 4654 1594 4763 priorat.
1630 4655 1678 4734 de
1712 4657 1979 4738 Montiffonte
2011 4677 2052 4740 et

685 4779 885 4862 Luffeldia
900 4776 1190 4888 supprimendis
1206 4793 1245 4856 et
1261 4777 1421 4886 capellae
1436 4773 1553 4884 regiae
1568 4777 1675 4855 Hen.
1688 4779 1779 4856 VII.
1796 4778 1903 4885 apud
1918 4777 2052 4862 West·

685 4897 855 4980 monast.
877 4896 1134 4989 annexendin
1164 4898 1257 4976 data
1283 4921 1328 4976 12
1345 4897 1437 4978 Feb.
1464 4922 1582 5002 1499,
1604 4911 1648 5002 p.
1666 4893 1755 5001 138.

565 5049 653 5112 102.
681 5018 916 5103 Commissro
944 5017 987 5102 in
1016 5017 1198 5129 partibus
1228 5041 1303 5127 pro
1322 5017 1437 5098 causa
1464 5017 1662 5099 audienda
1690 5035 1730 5098 et
1748 5017 2051 5103 determinanda

684 5137 1027 5224 interHenricum
1039 5135 1611 5248 episcopumSarumpriorem
1626 5135 1854 5221 monasterii
1867 5141 2052 5222 &Maria

1935 5279 2052 5369 Juxta
