<?xml version="1.0" encoding="UTF-8"?>
<!DOCTYPE html PUBLIC "-//W3C//DTD XHTML 1.0 Transitional//EN"
    "http://www.w3.org/TR/xhtml1/DTD/xhtml1-transitional.dtd">
<html xmlns="http://www.w3.org/1999/xhtml" xml:lang="en" lang="en">
 <head>
  <title>
</title>
<meta http-equiv="Content-Type" content="text/html;charset=utf-8" />
  <meta name='ocr-system' content='tesseract 3.04.00' />
  <meta name='ocr-capabilities' content='ocr_page ocr_carea ocr_par ocr_line ocrx_word'/>
</head>
<body>
  <div class='ocr_page' id='page_1' title='image "./cataloguslibror00nasmgoog_0285.png"; bbox 0 0 5054 6256; ppageno 0'>
   <div class='ocr_carea' id='block_1_1' title="bbox 493 741 1367 863">
    <p class='ocr_par' dir='ltr' id='par_1_1' title="bbox 493 741 1367 863">
     <span class='ocr_line' id='line_1_1' title="bbox 493 741 1367 863; baseline 0.008 -29"><span class='ocrx_word' id='word_1_1' title='bbox 493 763 592 863; x_wconf 89' lang='lat'>270</span> <span class='ocrx_word' id='word_1_2' title='bbox 1209 741 1367 842; x_wconf 86' lang='lat' dir='ltr'><strong>CXC.</strong></span> 
     </span>
    </p>
   </div>
   <div class='ocr_carea' id='block_1_2' title="bbox 604 917 2033 1210">
    <p class='ocr_par' dir='ltr' id='par_1_2' title="bbox 604 917 2033 1156">
     <span class='ocr_line' id='line_1_2' title="bbox 604 917 2030 1058; baseline 0.019 -57"><span class='ocrx_word' id='word_1_3' title='bbox 604 926 637 1012; x_wconf 72' lang='grc' dir='ltr'>ξ’</span> <span class='ocrx_word' id='word_1_4' title='bbox 653 917 954 1004; x_wconf 80' lang='lat' dir='ltr'><strong>XXX.I.eonis</strong></span> <span class='ocrx_word' id='word_1_5' title='bbox 986 947 1102 1034; x_wconf 69' lang='lat' dir='ltr'>pape</span> <span class='ocrx_word' id='word_1_6' title='bbox 1133 923 1186 1006; x_wconf 81' lang='lat' dir='ltr'>ad</span> <span class='ocrx_word' id='word_1_7' title='bbox 1217 926 1433 1012; x_wconf 81' lang='lat' dir='ltr'>Rusticum</span> <span class='ocrx_word' id='word_1_8' title='bbox 1461 931 1770 1021; x_wconf 77' lang='lat' dir='ltr'>Narbonensem</span> <span class='ocrx_word' id='word_1_9' title='bbox 1799 939 2030 1058; x_wconf 79' lang='lat' dir='ltr'>episcopum</span> 
     </span>
     <span class='ocr_line' id='line_1_3' title="bbox 806 1043 2033 1210; baseline 0.025 -89.195"><span class='ocrx_word' id='word_1_10' title='bbox 806 1045 965 1210; x_wconf 50' lang='lat' dir='ltr'>“‘quod</span> <span class='ocrx_word' id='word_1_11' title='bbox 995 1043 1108 1126; x_wconf 86' lang='lat' dir='ltr'>aliud</span> <span class='ocrx_word' id='word_1_12' title='bbox 1138 1046 1188 1128; x_wconf 83' lang='lat' dir='ltr'>fit</span> <span class='ocrx_word' id='word_1_13' title='bbox 1223 1075 1341 1146; x_wconf 85' lang='lat' dir='ltr'>uxor,</span> <span class='ocrx_word' id='word_1_14' title='bbox 1376 1051 1489 1134; x_wconf 83' lang='lat' dir='ltr'>aliud</span> <span class='ocrx_word' id='word_1_15' title='bbox 1524 1057 1780 1158; x_wconf 83' lang='lat' dir='ltr'>concubina·</span> <span class='ocrx_word' id='word_1_16' title='bbox 1821 1091 1897 1150; x_wconf 85' lang='lat' dir='ltr'>uec</span> <span class='ocrx_word' id='word_1_17' title='bbox 1928 1091 2033 1156; x_wconf 86' lang='lat' dir='ltr'>erret</span> 
     </span>
    </p>
   </div>
   <div class='ocr_carea' id='block_1_3' title="bbox 531 1407 2027 2340">
    <p class='ocr_par' dir='ltr' id='par_1_3' title="bbox 531 1407 2011 2340">
     <span class='ocr_line' id='line_1_4' title="bbox 604 1407 1406 1520; baseline 0.017 -33"><span class='ocrx_word' id='word_1_18' title='bbox 604 1415 633 1454; x_wconf 85' lang='lat'>‘⁸</span> <span class='ocrx_word' id='word_1_19' title='bbox 650 1408 805 1490; x_wconf 88' lang='lat' dir='ltr'><strong>XXXI.</strong></span> <span class='ocrx_word' id='word_1_20' title='bbox 833 1409 899 1490; x_wconf 89' lang='lat' dir='ltr'>De</span> <span class='ocrx_word' id='word_1_21' title='bbox 913 1407 1072 1494; x_wconf 80' lang='lat' dir='ltr'>incestis</span> <span class='ocrx_word' id='word_1_22' title='bbox 1090 1412 1406 1520; x_wconf 77' lang='lat' dir='ltr'>conjnnfflonie.</span> 
     </span>
     <span class='ocr_line' id='line_1_5' title="bbox 605 1529 1556 1623; baseline 0.022 -16"><span class='ocrx_word' id='word_1_23' title='bbox 605 1529 1049 1615; x_wconf 67' lang='lat' dir='ltr'>“xxxltuethoro</span> <span class='ocrx_word' id='word_1_24' title='bbox 1065 1533 1202 1618; x_wconf 75' lang='lat' dir='ltr'>fratris</span> <span class='ocrx_word' id='word_1_25' title='bbox 1220 1537 1419 1623; x_wconf 78' lang='lat' dir='ltr'>desunffi.</span> <span class='ocrx_word' id='word_1_26' title='bbox 1547 1585 1556 1608; x_wconf 67' lang='grc' dir='ltr'><strong>ι</strong></span> 
     </span>
     <span class='ocr_line' id='line_1_6' title="bbox 607 1649 1344 1769; baseline 0.023 -43"><span class='ocrx_word' id='word_1_27' title='bbox 607 1661 636 1697; x_wconf 84' lang='grc'><strong>“</strong></span> <span class='ocrx_word' id='word_1_28' title='bbox 654 1649 847 1732; x_wconf 86' lang='lat' dir='ltr'><strong>XXXIII.</strong></span> <span class='ocrx_word' id='word_1_29' title='bbox 866 1654 931 1732; x_wconf 95' lang='lat' dir='ltr'>De</span> <span class='ocrx_word' id='word_1_30' title='bbox 948 1653 1142 1764; x_wconf 84' lang='lat' dir='ltr'>conjugio</span> <span class='ocrx_word' id='word_1_31' title='bbox 1160 1655 1344 1769; x_wconf 87' lang='lat' dir='ltr'>antiquo.</span> 
     </span>
     <span class='ocr_line' id='line_1_7' title="bbox 602 1771 1223 1860; baseline 0.02 -12"><span class='ocrx_word' id='word_1_32' title='bbox 602 1781 633 1817; x_wconf 88' lang='lat'>‘⁸</span> <span class='ocrx_word' id='word_1_33' title='bbox 650 1771 842 1852; x_wconf 82' lang='lat' dir='ltr'>XXXIV.</span> <span class='ocrx_word' id='word_1_34' title='bbox 861 1775 927 1854; x_wconf 92' lang='lat' dir='ltr'>De</span> <span class='ocrx_word' id='word_1_35' title='bbox 941 1773 1223 1860; x_wconf 77' lang='lat' dir='ltr'><strong>schematibus.</strong></span> 
     </span>
     <span class='ocr_line' id='line_1_8' title="bbox 601 1891 1629 2011; baseline 0.016 -37"><span class='ocrx_word' id='word_1_36' title='bbox 601 1893 684 1974; x_wconf 88' lang='lat' dir='ltr'>Hic</span> <span class='ocrx_word' id='word_1_37' title='bbox 700 1891 1006 2002; x_wconf 74' lang='lat' dir='ltr'>intersermr</span> <span class='ocrx_word' id='word_1_38' title='bbox 987 1925 1030 1976; x_wconf 85' lang='grc' dir='ltr'>ιιι</span> <span class='ocrx_word' id='word_1_39' title='bbox 1047 1897 1167 1980; x_wconf 78' lang='lat' dir='ltr'>codice</span> <span class='ocrx_word' id='word_1_40' title='bbox 1182 1929 1295 1982; x_wconf 75' lang='lat' dir='ltr'><strong><em>m</em></strong></span> <span class='ocrx_word' id='word_1_41' title='bbox 1303 1901 1420 2011; x_wconf 79' lang='lat' dir='ltr'>paulo</span> <span class='ocrx_word' id='word_1_42' title='bbox 1433 1908 1629 2009; x_wconf 68' lang='lat' dir='ltr'>moia,</span> 
     </span>
     <span class='ocr_line' id='line_1_9' title="bbox 535 2013 1308 2133; baseline 0.016 -39"><span class='ocrx_word' id='word_1_43' title='bbox 535 2039 574 2123; x_wconf 81' lang='grc' dir='ltr'>ς.</span> <span class='ocrx_word' id='word_1_44' title='bbox 601 2017 667 2096; x_wconf 87' lang='lat' dir='ltr'>Ex</span> <span class='ocrx_word' id='word_1_45' title='bbox 683 2014 851 2096; x_wconf 79' lang='lat' dir='ltr'>decretis</span> <span class='ocrx_word' id='word_1_46' title='bbox 868 2013 995 2098; x_wconf 76' lang='lat' dir='ltr'>inoffi</span> <span class='ocrx_word' id='word_1_47' title='bbox 1013 2019 1160 2102; x_wconf 75' lang='lat' dir='ltr'>Gelani</span> <span class='ocrx_word' id='word_1_48' title='bbox 1178 2047 1308 2133; x_wconf 80' lang='lat' dir='ltr'><strong>papae.</strong></span> 
     </span>
     <span class='ocr_line' id='line_1_10' title="bbox 531 2132 2027 2257; baseline 0.016 -42"><span class='ocrx_word' id='word_1_49' title='bbox 531 2137 573 2218; x_wconf 87' lang='grc'>6.</span> <span class='ocrx_word' id='word_1_50' title='bbox 600 2132 796 2217; x_wconf 82' lang='lat' dir='ltr'>Carmina</span> <span class='ocrx_word' id='word_1_51' title='bbox 829 2136 1018 2244; x_wconf 68' lang='lat' dir='ltr'>qtmdaut</span> <span class='ocrx_word' id='word_1_52' title='bbox 1053 2136 1132 2222; x_wconf 82' lang='lat' dir='ltr'>five</span> <span class='ocrx_word' id='word_1_53' title='bbox 1165 2141 1375 2227; x_wconf 81' lang='lat' dir='ltr'>exorcismi</span> <span class='ocrx_word' id='word_1_54' title='bbox 1409 2160 1553 2228; x_wconf 80' lang='lat' dir='ltr'>contn</span> <span class='ocrx_word' id='word_1_55' title='bbox 1595 2151 1765 2257; x_wconf 76' lang='lat' dir='ltr'>pecudeo</span> <span class='ocrx_word' id='word_1_56' title='bbox 1800 2148 2027 2252; x_wconf 75' lang='lat' dir='ltr'>fascinatas,</span> 
     </span>
     <span class='ocr_line' id='line_1_11' title="bbox 602 2258 813 2340; baseline 0.005 -1"><span class='ocrx_word' id='word_1_57' title='bbox 602 2258 813 2340; x_wconf 80' lang='lat' dir='ltr'><strong>saxonice.</strong></span> 
     </span>
    </p>
   </div>
   <div class='ocr_carea' id='block_1_4' title="bbox 530 2379 2006 2506">
    <p class='ocr_par' dir='ltr' id='par_1_4' title="bbox 530 2379 2006 2506">
     <span class='ocr_line' id='line_1_12' title="bbox 530 2379 2006 2506; baseline 0.015 -50"><span class='ocrx_word' id='word_1_58' title='bbox 530 2407 572 2490; x_wconf 93' lang='lat'>7.</span> <span class='ocrx_word' id='word_1_59' title='bbox 600 2380 799 2490; x_wconf 75' lang='lat' dir='ltr'>Qodam</span> <span class='ocrx_word' id='word_1_60' title='bbox 818 2405 869 2460; x_wconf 85' lang='lat' dir='ltr'>ex</span> <span class='ocrx_word' id='word_1_61' title='bbox 885 2379 1053 2462; x_wconf 82' lang='lat' dir='ltr'>decretis</span> <span class='ocrx_word' id='word_1_62' title='bbox 1072 2386 1112 2464; x_wconf 89' lang='lat' dir='ltr'><strong>S.</strong></span> <span class='ocrx_word' id='word_1_63' title='bbox 1121 2381 1272 2468; x_wconf 81' lang='lat' dir='ltr'>Leonis</span> <span class='ocrx_word' id='word_1_64' title='bbox 1289 2415 1405 2499; x_wconf 71' lang='lat' dir='ltr'>popo</span> <span class='ocrx_word' id='word_1_65' title='bbox 1423 2407 1465 2472; x_wconf 93' lang='lat' dir='ltr'>et</span> <span class='ocrx_word' id='word_1_66' title='bbox 1483 2389 1693 2474; x_wconf 83' lang='lat' dir='ltr'>Theodoti</span> <span class='ocrx_word' id='word_1_67' title='bbox 1709 2391 2006 2506; x_wconf 82' lang='lat' dir='ltr'>archiepiscopi.</span> 
     </span>
    </p>
   </div>
   <div class='ocr_carea' id='block_1_5' title="bbox 532 2499 2027 2725">
    <p class='ocr_par' dir='ltr' id='par_1_5' title="bbox 532 2499 2027 2725">
     <span class='ocr_line' id='line_1_13' title="bbox 532 2499 2027 2613; baseline 0.014 -33"><span class='ocrx_word' id='word_1_68' title='bbox 532 2501 572 2583; x_wconf 89' lang='lat'>8.</span> <span class='ocrx_word' id='word_1_69' title='bbox 600 2504 664 2582; x_wconf 91' lang='lat' dir='ltr'>De</span> <span class='ocrx_word' id='word_1_70' title='bbox 680 2525 729 2580; x_wconf 90' lang='lat' dir='ltr'>eo</span> <span class='ocrx_word' id='word_1_71' title='bbox 747 2499 859 2607; x_wconf 89' lang='lat' dir='ltr'>quod</span> <span class='ocrx_word' id='word_1_72' title='bbox 872 2526 959 2582; x_wconf 89' lang='lat' dir='ltr'>non</span> <span class='ocrx_word' id='word_1_73' title='bbox 975 2499 1182 2606; x_wconf 81' lang='lat' dir='ltr'>judicandi</span> <span class='ocrx_word' id='word_1_74' title='bbox 1199 2503 1294 2588; x_wconf 90' lang='lat' dir='ltr'>sunt</span> <span class='ocrx_word' id='word_1_75' title='bbox 1308 2509 1480 2594; x_wconf 76' lang='lat' dir='ltr'>cleriein</span> <span class='ocrx_word' id='word_1_76' title='bbox 1496 2510 1623 2613; x_wconf 73' lang='lat' dir='ltr'>laicis,</span> <span class='ocrx_word' id='word_1_77' title='bbox 1642 2511 1707 2596; x_wconf 90' lang='lat' dir='ltr'>sed</span> <span class='ocrx_word' id='word_1_78' title='bbox 1726 2512 1819 2599; x_wconf 80' lang='lat' dir='ltr'>laici</span> <span class='ocrx_word' id='word_1_79' title='bbox 1836 2512 2027 2598; x_wconf 81' lang='lat' dir='ltr'>aderitis</span> 
     </span>
     <span class='ocr_line' id='line_1_14' title="bbox 596 2617 1443 2725; baseline 0.015 -24"><span class='ocrx_word' id='word_1_80' title='bbox 596 2617 804 2725; x_wconf 79' lang='lat' dir='ltr'>judicandi</span> <span class='ocrx_word' id='word_1_81' title='bbox 820 2617 944 2700; x_wconf 88' lang='lat' dir='ltr'>sunt</span> <span class='ocrx_word' id='word_1_82' title='bbox 931 2647 977 2700; x_wconf 83' lang='lat' dir='ltr'>tn</span> <span class='ocrx_word' id='word_1_83' title='bbox 996 2619 1162 2706; x_wconf 84' lang='lat' dir='ltr'>historin</span> <span class='ocrx_word' id='word_1_84' title='bbox 1176 2626 1443 2713; x_wconf 74' lang='lat' dir='ltr'>ecclefinffica.</span> 
     </span>
    </p>
   </div>
   <div class='ocr_carea' id='block_1_6' title="bbox 494 2740 1693 5126">
    <p class='ocr_par' dir='ltr' id='par_1_6' title="bbox 529 2740 1540 2976">
     <span class='ocr_line' id='line_1_15' title="bbox 529 2740 1540 2866; baseline 0.016 -45"><span class='ocrx_word' id='word_1_85' title='bbox 529 2773 571 2851; x_wconf 86' lang='lat'><strong>9.</strong></span> <span class='ocrx_word' id='word_1_86' title='bbox 598 2745 660 2822; x_wconf 90' lang='lat' dir='ltr'>Ut</span> <span class='ocrx_word' id='word_1_87' title='bbox 676 2740 817 2822; x_wconf 84' lang='lat' dir='ltr'>nullus</span> <span class='ocrx_word' id='word_1_88' title='bbox 834 2740 1005 2823; x_wconf 76' lang='lat' dir='ltr'>accusati</span> <span class='ocrx_word' id='word_1_89' title='bbox 1022 2742 1154 2828; x_wconf 83' lang='lat' dir='ltr'>sedem</span> <span class='ocrx_word' id='word_1_90' title='bbox 1171 2747 1228 2828; x_wconf 89' lang='lat' dir='ltr'>us</span> <span class='ocrx_word' id='word_1_91' title='bbox 1219 2751 1540 2866; x_wconf 84' lang='lat' dir='ltr'>urpetepiseopi.</span> 
     </span>
     <span class='ocr_line' id='line_1_16' title="bbox 599 2768 1338 2976; baseline 0.02 -34.951"><span class='ocrx_word' id='word_1_92' title='bbox 599 2863 816 2942; x_wconf 87' lang='lat' dir='ltr'><strong>“XXXV.</strong></span> <span class='ocrx_word' id='word_1_93' title='bbox 835 2865 900 2944; x_wconf 90' lang='lat' dir='ltr'>De</span> <span class='ocrx_word' id='word_1_94' title='bbox 916 2768 1338 2976; x_wconf 68' lang='lat' dir='ltr'>consanguineis.urpet</span> 
     </span>
    </p>

    <p class='ocr_par' dir='ltr' id='par_1_7' title="bbox 494 2983 1693 5126">
     <span class='ocr_line' id='line_1_17' title="bbox 494 2983 1119 3068; baseline 0.016 -10"><span class='ocrx_word' id='word_1_95' title='bbox 494 3005 500 3017; x_wconf 93' lang='lat'><em>·</em></span> <span class='ocrx_word' id='word_1_96' title='bbox 600 2983 800 3062; x_wconf 88' lang='lat' dir='ltr'><strong>XXXV</strong></span> <span class='ocrx_word' id='word_1_97' title='bbox 805 2985 839 3064; x_wconf 97' lang='lat' dir='ltr'><strong>I</strong></span> <span class='ocrx_word' id='word_1_98' title='bbox 859 2985 925 3065; x_wconf 90' lang='lat' dir='ltr'>De</span> <span class='ocrx_word' id='word_1_99' title='bbox 942 2985 1119 3068; x_wconf 79' lang='lat' dir='ltr'>tonsura.</span> 
     </span>
     <span class='ocr_line' id='line_1_18' title="bbox 596 3105 1693 3199; baseline 0.015 -15"><span class='ocrx_word' id='word_1_100' title='bbox 596 3120 626 3156; x_wconf 87' lang='lat'>‘⁸</span> <span class='ocrx_word' id='word_1_101' title='bbox 643 3105 854 3187; x_wconf 86' lang='lat' dir='ltr'><strong>XXXVII.</strong></span> <span class='ocrx_word' id='word_1_102' title='bbox 873 3109 940 3188; x_wconf 92' lang='lat' dir='ltr'>De</span> <span class='ocrx_word' id='word_1_103' title='bbox 956 3105 1104 3192; x_wconf 88' lang='lat' dir='ltr'>militia</span> <span class='ocrx_word' id='word_1_104' title='bbox 1120 3131 1162 3193; x_wconf 93' lang='lat' dir='ltr'>et</span> <span class='ocrx_word' id='word_1_105' title='bbox 1179 3110 1349 3197; x_wconf 71' lang='lat' dir='ltr'>vistorin</span> <span class='ocrx_word' id='word_1_106' title='bbox 1366 3113 1693 3199; x_wconf 75' lang='lat' dir='ltr'>christianorum.</span> 
     </span>
     <span class='ocr_line' id='line_1_19' title="bbox 596 3227 1271 3312; baseline 0.01 -7"><span class='ocrx_word' id='word_1_107' title='bbox 596 3241 626 3278; x_wconf 91' lang='lat'>⁸‘</span> <span class='ocrx_word' id='word_1_108' title='bbox 645 3227 877 3308; x_wconf 84' lang='lat' dir='ltr'><strong>XXXVIII.</strong></span> <span class='ocrx_word' id='word_1_109' title='bbox 896 3230 962 3310; x_wconf 91' lang='lat' dir='ltr'>De</span> <span class='ocrx_word' id='word_1_110' title='bbox 977 3231 1271 3312; x_wconf 80' lang='lat' dir='ltr'>exhortatione.</span> 
     </span>
     <span class='ocr_line' id='line_1_20' title="bbox 595 3345 1424 3459; baseline 0.012 -34"><span class='ocrx_word' id='word_1_111' title='bbox 595 3361 625 3399; x_wconf 90' lang='lat'>“</span> <span class='ocrx_word' id='word_1_112' title='bbox 643 3345 833 3427; x_wconf 87' lang='lat' dir='ltr'><strong>XXXIX.</strong></span> <span class='ocrx_word' id='word_1_113' title='bbox 853 3351 916 3429; x_wconf 88' lang='lat' dir='ltr'>De</span> <span class='ocrx_word' id='word_1_114' title='bbox 934 3349 1165 3459; x_wconf 80' lang='lat' dir='ltr'>captivitate</span> <span class='ocrx_word' id='word_1_115' title='bbox 1182 3351 1424 3456; x_wconf 80' lang='lat' dir='ltr'>Judeorom.</span> 
     </span>
     <span class='ocr_line' id='line_1_21' title="bbox 598 3468 1249 3554; baseline 0.011 -7"><span class='ocrx_word' id='word_1_116' title='bbox 598 3483 628 3519; x_wconf 94' lang='lat'>‘⁸</span> <span class='ocrx_word' id='word_1_117' title='bbox 646 3468 734 3548; x_wconf 89' lang='lat' dir='ltr'>XL.</span> <span class='ocrx_word' id='word_1_118' title='bbox 752 3471 817 3549; x_wconf 94' lang='lat' dir='ltr'>De</span> <span class='ocrx_word' id='word_1_119' title='bbox 833 3468 1003 3550; x_wconf 79' lang='lat' dir='ltr'>interitu</span> <span class='ocrx_word' id='word_1_120' title='bbox 1020 3468 1249 3554; x_wconf 83' lang='lat' dir='ltr'>Britonunn.</span> 
     </span>
     <span class='ocr_line' id='line_1_22' title="bbox 598 3589 1016 3696; baseline -0.005 -25"><span class='ocrx_word' id='word_1_121' title='bbox 598 3603 626 3639; x_wconf 93' lang='lat'><strong>“</strong></span> <span class='ocrx_word' id='word_1_122' title='bbox 644 3591 755 3671; x_wconf 89' lang='lat' dir='ltr'><strong>XLI.</strong></span> <span class='ocrx_word' id='word_1_123' title='bbox 775 3592 839 3671; x_wconf 92' lang='lat' dir='ltr'>De</span> <span class='ocrx_word' id='word_1_124' title='bbox 858 3589 1016 3696; x_wconf 85' lang='lat' dir='ltr'>Anglis.</span> 
     </span>
     <span class='ocr_line' id='line_1_23' title="bbox 595 3708 1540 3818; baseline 0.005 -27"><span class='ocrx_word' id='word_1_125' title='bbox 595 3723 624 3760; x_wconf 96' lang='lat'><strong>“</strong></span> <span class='ocrx_word' id='word_1_126' title='bbox 641 3710 773 3791; x_wconf 89' lang='lat' dir='ltr'><strong>XLII.</strong></span> <span class='ocrx_word' id='word_1_127' title='bbox 792 3712 857 3790; x_wconf 91' lang='lat' dir='ltr'>De</span> <span class='ocrx_word' id='word_1_128' title='bbox 874 3708 1109 3818; x_wconf 77' lang='lat' dir='ltr'>predatione</span> <span class='ocrx_word' id='word_1_129' title='bbox 1127 3712 1540 3798; x_wconf 85' lang='lat' dir='ltr'>Nordanitnbrorum.</span> 
     </span>
     <span class='ocr_line' id='line_1_24' title="bbox 597 3831 1243 3918; baseline 0.005 -6"><span class='ocrx_word' id='word_1_130' title='bbox 597 3847 627 3883; x_wconf 96' lang='lat'><strong>“</strong></span> <span class='ocrx_word' id='word_1_131' title='bbox 645 3833 796 3913; x_wconf 89' lang='lat' dir='ltr'><strong>XLIII.</strong></span> <span class='ocrx_word' id='word_1_132' title='bbox 816 3835 880 3912; x_wconf 91' lang='lat' dir='ltr'>De</span> <span class='ocrx_word' id='word_1_133' title='bbox 897 3831 1243 3918; x_wconf 78' lang='lat' dir='ltr'>tribulationibus.</span> 
     </span>
     <span class='ocr_line' id='line_1_25' title="bbox 596 3953 1181 4038; baseline 0 -2"><span class='ocrx_word' id='word_1_134' title='bbox 596 3969 626 4006; x_wconf 92' lang='lat'><strong>“</strong></span> <span class='ocrx_word' id='word_1_135' title='bbox 644 3955 792 4036; x_wconf 89' lang='lat' dir='ltr'><strong>XLIV.</strong></span> <span class='ocrx_word' id='word_1_136' title='bbox 810 3955 875 4034; x_wconf 93' lang='lat' dir='ltr'>De</span> <span class='ocrx_word' id='word_1_137' title='bbox 894 3953 1029 4036; x_wconf 85' lang='lat' dir='ltr'>officio</span> <span class='ocrx_word' id='word_1_138' title='bbox 1045 3955 1181 4038; x_wconf 81' lang='lat' dir='ltr'><strong>miffae.</strong></span> 
     </span>
     <span class='ocr_line' id='line_1_26' title="bbox 597 4073 1058 4157; baseline 0.002 -1"><span class='ocrx_word' id='word_1_139' title='bbox 597 4090 627 4126; x_wconf 92' lang='lat'>‘⁸</span> <span class='ocrx_word' id='word_1_140' title='bbox 646 4077 775 4156; x_wconf 88' lang='lat' dir='ltr'><strong>XLV.</strong></span> <span class='ocrx_word' id='word_1_141' title='bbox 793 4077 858 4154; x_wconf 91' lang='lat' dir='ltr'>De</span> <span class='ocrx_word' id='word_1_142' title='bbox 876 4073 1058 4157; x_wconf 65' lang='lat' dir='ltr'><strong>coIIeLIa.</strong></span> 
     </span>
     <span class='ocr_line' id='line_1_27' title="bbox 592 4195 1076 4278; baseline -0.002 0"><span class='ocrx_word' id='word_1_143' title='bbox 592 4212 621 4251; x_wconf 87' lang='lat'>‘⁸</span> <span class='ocrx_word' id='word_1_144' title='bbox 641 4200 789 4278; x_wconf 92' lang='lat' dir='ltr'><strong>XLVI.</strong></span> <span class='ocrx_word' id='word_1_145' title='bbox 809 4200 874 4278; x_wconf 90' lang='lat' dir='ltr'>De</span> <span class='ocrx_word' id='word_1_146' title='bbox 890 4195 1076 4278; x_wconf 76' lang='lat' dir='ltr'>Iefflone.</span> 
     </span>
     <span class='ocr_line' id='line_1_28' title="bbox 594 4319 1099 4398; baseline 0.008 -4"><span class='ocrx_word' id='word_1_147' title='bbox 594 4333 623 4369; x_wconf 77' lang='lat'>‘⁸</span> <span class='ocrx_word' id='word_1_148' title='bbox 642 4319 810 4398; x_wconf 90' lang='lat' dir='ltr'><strong>XLVII.</strong></span> <span class='ocrx_word' id='word_1_149' title='bbox 830 4321 893 4398; x_wconf 90' lang='lat' dir='ltr'>De</span> <span class='ocrx_word' id='word_1_150' title='bbox 911 4319 1099 4398; x_wconf 81' lang='lat' dir='ltr'>Gradnle.</span> 
     </span>
     <span class='ocr_line' id='line_1_29' title="bbox 593 4436 1118 4520; baseline -0.004 -2"><span class='ocrx_word' id='word_1_151' title='bbox 593 4449 620 4488; x_wconf 92' lang='lat'>‘⁸</span> <span class='ocrx_word' id='word_1_152' title='bbox 639 4439 828 4520; x_wconf 90' lang='lat' dir='ltr'><strong>XLVIII.</strong></span> <span class='ocrx_word' id='word_1_153' title='bbox 848 4440 912 4516; x_wconf 91' lang='lat' dir='ltr'>De</span> <span class='ocrx_word' id='word_1_154' title='bbox 929 4436 1118 4517; x_wconf 82' lang='lat' dir='ltr'>Alleluia.</span> 
     </span>
     <span class='ocr_line' id='line_1_30' title="bbox 594 4553 1110 4639; baseline -0.004 -1"><span class='ocrx_word' id='word_1_155' title='bbox 594 4572 620 4608; x_wconf 89' lang='lat'>⁸⁸</span> <span class='ocrx_word' id='word_1_156' title='bbox 641 4559 787 4638; x_wconf 88' lang='lat' dir='ltr'><strong>XLIX.</strong></span> <span class='ocrx_word' id='word_1_157' title='bbox 806 4560 871 4639; x_wconf 90' lang='lat' dir='ltr'>De</span> <span class='ocrx_word' id='word_1_158' title='bbox 889 4553 1110 4638; x_wconf 90' lang='lat' dir='ltr'>offertorio.</span> 
     </span>
     <span class='ocr_line' id='line_1_31' title="bbox 594 4675 1347 4788; baseline -0.004 -25"><span class='ocrx_word' id='word_1_159' title='bbox 594 4695 623 4731; x_wconf 95' lang='lat'><strong>“</strong></span> <span class='ocrx_word' id='word_1_160' title='bbox 642 4685 691 4763; x_wconf 93' lang='lat' dir='ltr'>L.</span> <span class='ocrx_word' id='word_1_161' title='bbox 712 4683 776 4762; x_wconf 89' lang='lat' dir='ltr'>De</span> <span class='ocrx_word' id='word_1_162' title='bbox 793 4678 951 4788; x_wconf 88' lang='lat' dir='ltr'>hymno</span> <span class='ocrx_word' id='word_1_163' title='bbox 968 4678 1079 4786; x_wconf 94' lang='lat' dir='ltr'>quod</span> <span class='ocrx_word' id='word_1_164' title='bbox 1099 4675 1157 4760; x_wconf 89' lang='lat' dir='ltr'>est</span> <span class='ocrx_word' id='word_1_165' title='bbox 1173 4676 1347 4762; x_wconf 69' lang='lat' dir='ltr'>sandius.</span> 
     </span>
     <span class='ocr_line' id='line_1_32' title="bbox 593 4799 1071 4910; baseline -0.013 -25"><span class='ocrx_word' id='word_1_166' title='bbox 593 4819 622 4854; x_wconf 78' lang='lat'>‘⁸</span> <span class='ocrx_word' id='word_1_167' title='bbox 641 4807 711 4886; x_wconf 94' lang='lat' dir='ltr'>LI.</span> <span class='ocrx_word' id='word_1_168' title='bbox 732 4807 796 4884; x_wconf 88' lang='lat' dir='ltr'>De</span> <span class='ocrx_word' id='word_1_169' title='bbox 816 4809 960 4910; x_wconf 85' lang='lat' dir='ltr'>Agnus</span> <span class='ocrx_word' id='word_1_170' title='bbox 979 4799 1071 4880; x_wconf 88' lang='lat' dir='ltr'>Dei.</span> 
     </span>
     <span class='ocr_line' id='line_1_33' title="bbox 593 4917 1201 5006; baseline -0.007 0"><span class='ocrx_word' id='word_1_171' title='bbox 593 4939 620 4973; x_wconf 90' lang='lat'>⁸‘</span> <span class='ocrx_word' id='word_1_172' title='bbox 639 4927 731 5006; x_wconf 91' lang='lat' dir='ltr'><strong>LII.</strong></span> <span class='ocrx_word' id='word_1_173' title='bbox 751 4927 813 5004; x_wconf 90' lang='lat' dir='ltr'>De</span> <span class='ocrx_word' id='word_1_174' title='bbox 833 4919 1037 5002; x_wconf 84' lang='lat' dir='ltr'>matutino</span> <span class='ocrx_word' id='word_1_175' title='bbox 1054 4917 1201 5002; x_wconf 88' lang='lat' dir='ltr'>officio.</span> 
     </span>
     <span class='ocr_line' id='line_1_34' title="bbox 593 5037 1105 5126; baseline -0.016 0"><span class='ocrx_word' id='word_1_176' title='bbox 593 5057 621 5094; x_wconf 89' lang='lat'>‘⁸</span> <span class='ocrx_word' id='word_1_177' title='bbox 640 5046 751 5126; x_wconf 92' lang='lat' dir='ltr'><strong>LIII.</strong></span> <span class='ocrx_word' id='word_1_178' title='bbox 771 5046 835 5126; x_wconf 91' lang='lat' dir='ltr'>De</span> <span class='ocrx_word' id='word_1_179' title='bbox 853 5045 971 5122; x_wconf 84' lang='lat' dir='ltr'>tertia</span> <span class='ocrx_word' id='word_1_180' title='bbox 990 5037 1105 5120; x_wconf 88' lang='lat' dir='ltr'>hora.</span> 
     </span>
    </p>
   </div>
   <div class='ocr_carea' id='block_1_7' title="bbox 0 0 2532 6256">
    <p class='ocr_par' dir='ltr' id='par_1_8' title="bbox 0 0 2532 6256">
     <span class='ocr_line' id='line_1_35' title="bbox 0 0 2532 6256; baseline 0 4"><span class='ocrx_word' id='word_1_181' title='bbox 0 0 2532 6256; x_wconf 95' lang='lat' dir='ltr'> </span> 
     </span>
    </p>
   </div>
  </div>
 </body>
</html>
