4980 6264
945 721 948 733 ⁵
1079 791 1307 886 XLvm.
1921 818 1979 911 31

494 989 598 1071 Nota
612 987 639 1042 ¹*
666 985 835 1070 neoterici
844 983 942 1095 folio
958 980 1136 1091 refellicio
1154 979 1331 1092 irfiropta
1359 990 1387 1028 “
1407 981 1558 1063 Senatus
1576 980 1786 1064 Bravonias
1802 975 1987 1060 monacho-

436 1118 469 1156 “
487 1138 568 1190 rum
589 1111 788 1218 Wigornia
806 1107 988 1218 principis
1005 1103 1224 1186 Wiccioram
1242 1103 1342 1184 urbis
1358 1103 1488 1214 prasos
1511 1133 1576 1184 non
1600 1102 1764 1212 ignobilis
1775 1101 1878 1209 fuit,
1904 1128 1984 1210 qua

435 1240 468 1278 “
488 1231 572 1312 urbs
589 1251 625 1313 et
642 1232 870 1314 Bravoniam
887 1229 969 1310 olim
986 1226 1184 1308 dicebatur.
1210 1223 1403 1332 Wigornia
1419 1243 1538 1334 nempe
1554 1225 1689 1306 civitas
1706 1224 1751 1331 esl
1767 1223 1821 1304 ad
1828 1223 1982 1304 linritem

436 1363 468 1398 “
474 1351 565 1461 sere
582 1355 733 1462 Angliae
744 1371 785 1434 et
803 1353 948 1434 Wallia
957 1350 1084 1457 poſsta,
1105 1375 1210 1456 qaam
1229 1345 1276 1425 ab
1293 1346 1465 1427 occidente
1485 1346 1653 1428 Sabrina
1656 1347 1796 1456 stamen
1813 1345 1958 1426 alluit.”

495 1485 524 1520 “
544 1474 749 1556 Coenobiam
764 1474 858 1554 illud
864 1473 999 1582 alioqui
1010 1471 1161 1564 claram
1180 1471 1329 1548 Senatus
1345 1467 1405 1574 sse
1419 1468 1459 1548 in
1471 1467 1607 1577 primis
1620 1467 1793 1563 eruditas,
1812 1466 1983 1549 bonarum

439 1603 466 1640 “
486 1595 624 1676 areium
639 1597 838 1703 cognitione
860 1595 994 1675 clarius
1016 1591 1124 1673 multo
1147 1588 1326 1686 reddedit3
1356 1592 1516 1698 Rogeras
1535 1589 1679 1699 ejeosdem
1691 1589 1789 1700 stdis
1812 1588 1983 1699 episcopus

439 1725 468 1762 ‘⁸
486 1717 547 1797 hoc
564 1717 694 1800 calculo
717 1718 811 1798 clari
845 1745 940 1798 mam
964 1715 1065 1796 illum
1088 1709 1228 1808 habuit,
1253 1729 1330 1792 tum
1348 1729 1517 1824 preterea
1526 1709 1800 1822 familiaritate
1818 1712 1982 1820 comanc-

440 1847 467 1885 “
488 1837 688 1948 eiplmum?
801 1915 805 1920 .

493 1970 521 2007 “
540 1963 587 2042 In
598 1959 718 2070 pretio
735 1977 855 2078 nempe
867 1960 957 2071 finit
970 1957 1043 2070 fieb
1060 1957 1220 2039 Hearico
1237 1957 1440 2064 Anglorum
1457 1985 1540 2064 rege
1557 1955 1630 2062 eius
1649 1953 1801 2038 nominis
1814 1953 1980 2066 secando,

436 2091 465 2127 “
484 2101 700 2192 cognomento
719 2083 998 2192 Plantageneta,
1018 2108 1109 2160 anno
1122 2080 1264 2187 gratia
1276 2095 1346 2187 per
1363 2078 1540 2188 Christum
1549 2079 1749 2188 patefatta
1772 2105 1890 2186 1170,
1919 2079 1981 2160 de-

436 2213 465 2248 “
485 2233 646 2313 mamque
662 2205 756 2286 vita
759 2205 843 2316 soa
847 2206 962 2314 finem
982 2204 1022 2284 in
1032 2202 1179 2311 prefato
1197 2200 1351 2282 coenobio
1368 2203 1543 2310 accepit.'’

492 2335 519 2372 “
539 2330 634 2407 Hac
650 2325 763 2407 biblia
777 2325 925 2438 sarepta
934 2345 1006 2436 per
1024 2327 1194 2410 Senatmn
1212 2343 1255 2405 ut
1271 2324 1312 2404 in
1324 2323 1467 2434 prologo
1481 2323 1549 2435 fito
1567 2341 1652 2406 ante
1668 2351 1812 2406 canones
1825 2351 1985 2438 evange·

431 2455 464 2492 ⁴‘
484 2446 651 2528 diorum.”

490 2570 600 2677 Deest
614 2569 708 2650 liber
720 2569 948 2680 psalmorum.

491 2693 594 2770 Ante
613 2719 757 2772 canones
774 2691 1040 2799 evangeliorum
1055 2688 1100 2798 est
1117 2691 1298 2770 traiiatas
1316 2687 1482 2796 magistri
1494 2688 1622 2769 Senati
1635 2688 1888 2800 Wgornierfis
1904 2689 1986 2772 bib-

427 2810 636 2892 liothecarii
652 2813 693 2894 de
710 2813 896 2894 concordia
912 2830 946 2892 et
962 2811 1172 2922 dstofitione
1190 2837 1374 2906 canonum,
1399 2810 1439 2890 in
1462 2838 1527 2920 quo
1544 2805 1665 2919 afferit
1675 2811 1721 2921 se
1736 2811 1829 2892 hanc
1850 2811 1984 2895 librum

414 2931 592 3043 screffiſji
605 2933 660 3014 ad
672 2935 851 3042 exemplar
867 2935 1017 3014 alterius
1031 2935 1156 3014 Roma
1171 2931 1361 3042 corperipti
1377 2960 1477 3041 quem
1496 2930 1609 3012 beata
1625 2933 1803 3016 memoria
1815 2964 1883 3016 rex
1897 2935 1984 3046 Offa

425 3056 575 3164 ecclopiae
591 3055 829 3164 Wgornierfi
842 3049 1016 3164 contuliffl’
1029 3051 1197 3136 dicitur:
1226 3072 1262 3134 et
1278 3053 1362 3134 hinc
1378 3052 1520 3134 habitus
1537 3052 1581 3160 est
1598 3052 1660 3156 ille
1678 3055 1782 3136 codex
1790 3073 1861 3164 pro
1877 3075 1982 3140 auto·

423 3177 568 3284 grapho
588 3179 691 3287 ipfias
703 3179 845 3275 Senati,
863 3177 965 3285 cojm
981 3205 1059 3259 avo
1075 3177 1245 3258 coroner
1261 3193 1297 3256 et
1314 3193 1522 3257 ornamenta
1540 3174 1632 3256 libri
1635 3174 1734 3284 satis
1751 3180 1947 3290 conponant.

490 3299 576 3407 Post
592 3303 694 3380 aetus
716 3298 939 3410 applolorum
954 3299 1158 3409 stquantur
1171 3297 1308 3410 septem
1331 3297 1480 3405 epistolae
1503 3297 1686 3380 canoniea
1712 3316 1748 3381 et
1766 3303 1984 3414 apocalypsis,

427 3419 555 3502 deinde
570 3421 718 3532 epistola
734 3421 865 3518 Pauli,
883 3439 919 3502 et
928 3421 1097 3531 postremo
1113 3419 1252 3530 epistola
1268 3419 1321 3502 ad
1332 3418 1575 3529 Laodicerffes,
1598 3419 1661 3502 oui
1676 3450 1786 3504 mann
1803 3421 1985 3506 admodum

427 3545 610 3624 neoterica
632 3545 825 3656 apponitur
850 3543 961 3656 verſso
978 3543 1203 3654 Anglicana,
1231 3543 1273 3623 in
1299 3571 1371 3653 qua
1398 3541 1496 3624 nihil
1506 3541 1611 3624 video
1625 3539 1744 3652 seculo
1761 3545 1985 3630 Wicleviano

428 3683 513 3747 aner
537 3665 631 3748 aius.

489 3695 654 3892 ἐπαίτιον
669 3788 858 3896 evangelia
875 3803 1028 3898 quatuor
1046 3788 1235 3899 columpnis
1252 3787 1292 3869 in
1311 3787 1428 3869 eadem
1439 3788 1583 3899 pagina
1601 3795 1815 3886 exarantur,
1836 3789 1986 3874 eomodo

424 3909 640 4019 quodfirnel
652 3911 833 4019 incipiunt
850 3909 1082 4021 deſsnantqne.

488 4029 559 4113 Ad
566 4031 683 4142 finem
708 4031 834 4114 tabula
861 4031 1085 4144 aphabetma
1110 4031 1290 4130 nominum
1309 4031 1543 4144 propriorum
1570 4031 1611 4113 in
1630 4033 1670 4116 S.
1687 4033 1727 4114 S.
1754 4060 1834 4116 curn
1857 4035 1985 4147 expla-

427 4154 587 4237 nem.
732 4181 737 4192 ·

1087 4313 1326 4430 XLIX.

490 4475 605 4558 Codex
620 4475 903 4558 membranaceus
918 4477 962 4559 in
975 4476 1086 4585 folio,
1101 4477 1220 4590 seenlo
1235 4479 1306 4560 xiv
1325 4496 1509 4574 exaratus,
1536 4479 1662 4586 inquo
1687 4475 1808 4558 litera
1821 4473 1984 4560 initiales
2084 4525 2088 4534 .

427 4617 611 4680 ornantur
628 4597 1018 4684 illuminationibus'ad
1025 4598 1212 4708 historiam
1217 4600 1367 4711 sacram
1377 4598 1654 4710 pertinentibus.

489 4718 619 4802 Biblia
637 4718 784 4804 Latina
803 4746 898 4803 cum
918 4719 1153 4833 apocryphis
1171 4738 1212 4806 et
1225 4720 1517 4836 prolationibus
1536 4714 1781 4806 Hieronimi.

1854 4903 1857 4912 ι
1884 4846 1986 4930 Folio

486 5141 513 5184 ⁴
529 5139 626 5222 Noto]
642 5160 681 5204 ex
695 5139 801 5206 Balaeo
815 5139 1001 5204 adverbum
1017 5137 1188 5228 desumpta.

482 5233 631 5320 XLIX]
647 5238 701 5308 Vet
716 5237 783 5306 Cat,
798 5237 837 5307 E.
853 5255 885 5305 2.
902 5237 999 5305 MSS.
1016 5237 1103 5324 Angl.
1118 5256 1305 5328 ,1320-44.
