4980 6264
517 791 574 872 ee
887 791 890 798 '
1174 777 1407 874 XXXVI.

571 964 608 1044 8.
639 952 759 1046 Liber
777 961 902 1066 saniii
923 961 1130 1046 Athanasii
1150 964 1387 1076 episcopide
1407 967 1688 1054 exhonacione
1704 976 2011 1064 monachorum.

571 1117 609 1193 9.
632 1085 759 1170 'Liber
776 1085 1107 1168 adhortationum
1127 1087 1357 1170 saniiorum
1385 1111 1549 1200 patrum
1578 1093 1951 1209 petieiiionumque
1974 1132 2063 1184 mo-

358 1234 361 1242 ·
501 1209 733 1292 nachorum
771 1237 870 1328 quas
908 1209 956 1289 de
991 1210 1135 1292 Graeco
1172 1209 1216 1290 in
1249 1210 1444 1293 Latinum
1482 1217 1685 1300 transtulit
1723 1222 1770 1302 B.
1800 1219 2061 1308 Hieronimus

450 1405 456 1416 .
499 1330 704 1440 preibiter.

567 1459 774 1537 Sermones
799 1452 1029 1536 sauciorum
1055 1469 1220 1564 patmm
1245 1452 1497 1567 interpretati
1519 1459 1568 1540 de
1587 1463 1731 1544 Gnaeco
1756 1463 1799 1546 in
1819 1463 2013 1550 Latinum
2038 1496 2061 1550 a

506 1577 671 1686 'Pelagio
688 1577 859 1658 diacono
872 1595 916 1658 ct
936 1575 1117 1658 Iohanne
1135 1575 1378 1660 subdiacono
1396 1579 1541 1663 sannae
1560 1585 1759 1666 Romanae
1777 1586 1956 1670 ecclefiae.

563 1701 790 1812 Nesciosnne
803 1732 852 1781 an
869 1701 946 1781 haec
959 1701 1188 1811 diversafint
1203 1719 1324 1809 opera,
1345 1703 1447 1810 velfi
1461 1703 1580 1786 eadem
1594 1709 1795 1816 compilatio
1811 1709 1902 1819 hisce
1914 1707 2061 1825 diversts

506 1821 727 1931 indigitetur
743 1825 876 1920 titulis,
896 1851 1043 1933 qnorum
1054 1825 1164 1932 prior
1178 1823 1234 1904 ad
1244 1823 1411 1921 initium,
1425 1826 1599 1935 posterior
1616 1829 1783 1939 adfinem
1801 1834 1974 1916 occurrit.

568 1972 631 2028 10.
661 1943 838 2056 Epistola
858 1943 982 2027 saniti
1001 1943 1200 2028 Machaaii
1218 1945 1409 2030 monachi
1425 1949 1477 2028 ad
1495 1947 1612 2033 filios.

566 2095 628 2149 11.
657 2067 753 2151 Vita
771 2065 895 2153 sanni
913 2067 1085 2150 Marinae
1103 2065 1268 2176 virginis
1287 2091 1327 2153 et
1344 2068 1547 2153 monachi.

510 2185 512 2192 ’
565 2217 626 2272 12.
656 2191 752 2273 Vita
769 2188 894 2272 sanai
913 2191 1118 2301 symeonis
1138 2185 1302 2301 stylitis.

562 2341 624 2422 13.
654 2313 846 2396 Iohannis
868 2312 1076 2422 [Caffiani]
1095 2312 1298 2398 heremitae
1313 2313 1546 2398 collationes
1559 2343 1588 2398 x
1603 2315 1654 2400 ad
1668 2317 1888 2406 Leontium
1906 2345 2053 2432 papam

499 2433 931 2520 etEladiumfratrem
948 2429 1202 2518 carissimum.
1834 2451 1840 2466 ·

1099 2645 1444 2764 XXXVII.

499 2819 502 2828 '
556 2811 672 2895 Codex
688 2809 971 2894 membranaceus
988 2809 1029 2890 in
1033 2808 1269 2922 fhlinficnia
1284 2811 1355 2894 xiv
1372 2831 1558 2910 exaratus,
1574 2813 1619 2896 in
1635 2841 1701 2924 qne
1712 2813 1956 2916 eontinentur,

513 2957 520 2968 ·
562 2963 595 3016 1.
626 2932 825 3016 Theorica
843 2929 1043 3040 Campani
1060 2931 1108 3014 de
1127 2948 1242 3012 motu
1261 2933 1530 3039 planetarum.

554 3081 593 3137 2.
622 3049 940 3160 Conjunffiones
960 3051 1144 3160 quaedam
1159 3052 1419 3162 planetarum
1436 3053 1653 3138 calculatae.

553 3205 591 3286 3.
621 3172 910 3259 Kalendarium
928 3172 976 3254 de
995 3171 1200 3255 scaccario.

549 3303 632 3383 Hac
657 3299 907 3382 kalendariam
932 3297 977 3378 in
1005 3295 1104 3408 afim
1137 3305 1163 3341 “
1178 3296 1386 3379 militonem
1411 3299 1669 3410 ‘conpatarnn”
1699 3299 1926 3409 compilation
1938 3300 2044 3411 snit,

493 3423 634 3536 quibus,
660 3424 782 3533 inquit
795 3439 906 3502 antor
920 3420 964 3501 in
975 3419 1194 3528 pedatiam,
1226 3429 1252 3466 ‘⁸
1271 3421 1362 3502 utile
1378 3419 1424 3526 est
1438 3419 1541 3533 scire
1554 3420 1669 3532 snper
1685 3451 1792 3532 quana
1808 3423 1955 3506 literam
1972 3423 2047 3506 dies

494 3559 522 3596 “
538 3545 720 3631 doniam
743 3545 784 3626 in
796 3569 895 3624 anana
919 3567 988 3651 qna
1009 3541 1166 3622 nedt'aant
1182 3559 1338 3651 annapeta
1354 3545 1500 3626 evenire
1516 3545 1734 3652 cantigeeit5
1762 3547 1851 3656 quia
1865 3573 1934 3626 uon
1948 3545 2047 3628 decet

493 3680 521 3718 “
539 3669 693 3752 allocare
719 3663 941 3747 reddentibus
961 3681 1116 3772 compota
1134 3693 1245 3744 amnes
1264 3666 1343 3762 ⁴din
1369 3664 1558 3748 dominicos
1574 3683 1610 3748 et
1626 3695 1738 3748 onnes
1764 3667 1838 3748 din
1851 3667 2044 3775 fistivnles

494 3803 522 3840 “
539 3809 713 3901 tanquam
731 3783 949 3868 celebrandos
975 3785 1022 3866 ab
1045 3785 1218 3896 operibus,
1240 3803 1311 3895 pno
1328 3815 1364 3868 eo
1380 3787 1475 3898 quod
1484 3787 1628 3898 semper
1645 3790 1835 3896 contingit,
1864 3787 1958 3900 qnod
1970 3790 2045 3872 dies

488 3927 519 4013 f‘
538 3899 724 3997 dominicae
742 3910 912 3992 eveniunt
917 3905 1018 4020 saepe
1035 3911 1076 3991 in
1091 3937 1184 3990 ame
1190 3906 1304 4019 saner
1318 3909 1462 4020 aliquas
1480 3909 1553 3992 dies
1556 3909 1784 4020 festivales.”

544 4040 624 4120 Per
653 4063 783 4118 omnem
813 4060 946 4114 annun
973 4049 1122 4114 natatur
1145 4061 1189 4112 ea
1217 4051 1300 4141 quat
1326 4033 1422 4114 haris
1446 4033 1655 4116 etnninntn
1675 4033 1806 4142 canstat
1827 4033 1915 4130 din,
1942 4036 2039 4116 etin

481 4163 606 4246 ‘altera
623 4159 782 4241 cebenna
799 4157 1001 4238 continetur
1017 4163 1046 4199 “
1061 4155 1243 4263 occupatio
1257 4155 1333 4236 diti
1348 4155 1581 4268 artificialit'
1598 4173 1667 4266 per
1683 4156 1853 4236 miliaria
1857 4153 1988 4260 stadia
2003 4175 2039 4238 et

478 4283 598 4400 paffes
610 4296 830 4392 computata,
849 4279 908 4358 ita
924 4295 967 4357 nt
986 4294 1056 4386 pra
1079 4275 1239 4386 qnalibet
1260 4278 1349 4358 hara
1369 4276 1446 4358 diei
1462 4293 1712 4384 conputantur
1735 4277 1815 4358 tria
1837 4276 2035 4358 miliaria:

486 4407 605 4490 -ad
611 4405 726 4516 finem
744 4401 862 4510 mensts
879 4399 1079 4510 Jannaeii,
1110 4408 1136 4442 “
1156 4397 1317 4504 Quilibet
1333 4397 1407 4480 dies
1430 4395 1531 4505 estius
1554 4397 1672 4506 mensis
1695 4397 1954 4508 ananersaliter
1963 4416 2036 4507 per

486 4543 513 4580 “
521 4531 566 4644 st
580 4555 740 4612 unacum
754 4524 867 4606 altero
880 4538 1075 4631 computata
1092 4521 1247 4603 continet
1267 4519 1289 4599 8
1305 4520 1409 4612 horas
1422 4547 1502 4600 cun
1519 4517 1565 4600 di
1582 4538 1617 4602 et
1637 4523 1818 4626 4naienata
1829 4519 2035 4631 -q.facinnt

485 4666 511 4703 ιι
534 4679 585 4770 ²5
605 4649 683 4769 mil,
708 4645 835 4757 5stad,
855 4670 907 4753 75
920 4642 1040 4758 pass.”
1092 4660 1131 4725 et
1134 4643 1312 4752 fimiliter
1327 4641 1380 4725 ad
1393 4641 1481 4724 alies
1498 4643 1635 4756 menses.

1961 4765 2029 4845 Sa·

538 5082 607 5171 13·]
625 5083 694 5153 Vna
706 5079 826 5147 CLVI.
846 5101 874 5146 1.

536 5199 734 5284 XXXVII]
751 5201 815 5270 Va.
833 5200 899 5266 Cat.
916 5197 942 5264 1.
961 5214 992 5263 2.
1010 5189 1106 5262 MSS.
1126 5191 1211 5275 Angl.
1230 5210 1411 5281 1370-93.
