5054 6256
489 777 579 869 182
1188 773 1367 868 CXIX.

536 964 602 1077 78.
630 960 808 1074 Epistola
827 956 1017 1041 Iohannis
1037 959 1283 1044 Clarebachii
1300 963 1351 1044 ad
1367 1005 1548 1059 --,
1575 959 1619 1044 in
1643 986 1724 1074 qua
1748 961 2023 1054 liberalitatem

496 1149 501 1159 .
626 1082 715 1192 eius
735 1081 937 1192 implorat,
961 1099 1001 1191 p.
1018 1109 1108 1190 219.

535 1237 602 1321 79.
631 1204 809 1315 Epistola
824 1203 1029 1286 Valentini
1045 1204 1158 1287 Pacci
1175 1208 1223 1288 ad
1241 1210 1439 1291 Bucerum
1458 1207 1506 1290 de
1524 1206 1629 1290 statu
1646 1233 1780 1292 rerum
1800 1209 2024 1296 ecclesiasti-

586 1363 589 1370 ’
636 1354 787 1424 carum,
815 1327 908 1407 data
926 1324 1048 1436 Lipfii
1066 1327 1165 1436 post.
1182 1329 1300 1411 Ocul.
1327 1358 1444 1440 2552,
1467 1349 1508 1441 p.
1523 1356 1616 1414 222.

539 1451 605 1534 80.
634 1448 812 1560 Epistola
831 1445 1021 1530 Iohannis
1041 1448 1208 1534 Pretorii
1227 1453 1276 1534 ad
1295 1453 1480 1550 eundem,
1502 1451 1547 1534 in
1566 1480 1648 1562 qua
1667 1467 1755 1534 orat
1772 1469 1821 1534 ut
1840 1456 2024 1564 quaedam

458 1569 466 1576 ’
635 1571 816 1654 scriberet
841 1571 889 1650 de
906 1569 1032 1678 strage
1053 1571 1287 1680 Argentina,
1316 1591 1357 1654 et
1383 1573 1462 1684 ipse
1487 1575 1617 1656 multa
1643 1575 1692 1655 de
1719 1574 1835 1659 rebus
1855 1580 2024 1686 Magdo-

634 1692 894 1800 burgcnsrbus
913 1709 1061 1788 narrat,
1090 1694 1183 1774 data
1203 1697 1402 1804 Stobergae
1424 1723 1474 1778 22
1492 1699 1598 1777 Nov.
1626 1721 1743 1804 2552,
1765 1713 1808 1804 p.
1826 1725 1918 1808 225.

539 1817 604 1900 81.
634 1815 812 1925 Epistola
836 1813 1025 1896 Iohannis
1045 1815 1272 1923 Marburgii
1289 1818 1339 1898 ad
1358 1819 1530 1900 eundem
1550 1817 1732 1900 derebus
1753 1819 2022 1926 Argentinen-

476 1995 499 2022 .·
528 1981 533 1995 ·
636 1937 753 2034 libus,
783 1939 874 2018 data
895 1935 1126 2044 Argentinae
1148 1965 1199 2046 25
1216 1943 1313 2020 Dec.
1340 1968 1458 2048 1549,
1481 1959 1524 2050 p.
1540 1967 1633 2048 225.

415 2147 416 2150 5
541 2063 605 2144 82.
636 2059 811 2170 Epistola
836 2056 1049 2140 Sebastiani
1068 2059 1159 2141 Itali
1186 2061 1236 2140 ad
1260 2061 1494 2142 Mattheum
1514 2063 1660 2152 Parker
1686 2059 2022 2172 archiepiscopum
2101 2128 2104 2134 ,

633 2177 972 2274 Cantuariensem,
1008 2177 1057 2261 in
1086 2205 1168 2290 qua
1195 2199 1283 2264 orat
1316 2199 1365 2264 ut
1389 2181 1472 2290 ejus
1503 2181 1649 2294 inopiae
1678 2181 1895 2280 subveniat,
1929 2185 2021 2266 data
2117 2227 2129 2256 ·.

634 2301 811 2386 Londini
836 2305 881 2384 16
901 2305 991 2408 Jan.
1019 2305 1136 2412 1566,
1161 2322 1201 2414 p.
1219 2332 1310 2414 255.

538 2430 604 2536 85.
633 2423 811 2536 Epistola
840 2423 1042 2534 pastorum
1072 2424 1236 2508 ecclefiae
1266 2426 1543 2510 Zandvicensts
1571 2426 1621 2507 ad
1650 2427 1836 2521 eundem,
1868 2423 2022 2536 inqua

634 2547 827 2630 maximas
848 2543 884 2627 ei
903 2563 1030 2654 agunt
1058 2547 1217 2654 gratias,
1245 2550 1355 2658 quod
1373 2549 1480 2630 illius
1500 2575 1597 2630 cura
1622 2563 1661 2630 et
1685 2545 1899 2628 autoritate
1924 2575 2022 2630 con-

633 2669 767 2752 cordia
801 2667 845 2750 in
873 2668 941 2750 sua
971 2669 1125 2752 ecclesra
1157 2669 1240 2776 jam
1269 2669 1359 2754 21122
1390 2669 1576 2766 stabilita,
1610 2671 1704 2752 data
1735 2671 1872 2777 9Jan.
1904 2673 2020 2778 2566,

396 2895 397 2898 .
627 2811 668 2903 P·
685 2819 778 2900 ²35·

537 2915 601 3019 84.
631 2912 809 3023 Epistola
839 2911 1049 2996 Wilhelmi
1080 2913 1270 2996 KIebitzii
1301 2916 1351 2998 ad
1381 2915 1567 3012 eundem,
1598 2913 1643 2996 in
1672 2940 1753 3024 qua
1782 2941 2023 3030 magnopere

495 3111 498 3118 .
547 3060 552 3071 “
632 3055 721 3118 orat
747 3051 796 3117 ut
821 3033 970 3118 librum
994 3034 1110 3118 suurn
1135 3035 1217 3142 jam
1234 3035 1436 3119 excnffum
1460 3053 1500 3118 et
1527 3039 1781 3146 quorundam
1810 3040 2022 3123 autoritate

635 3155 877 3268 suppreffum
895 3157 940 3240 in
960 3159 1090 3240 lucem
1109 3157 1288 3241 emittere
1315 3157 1583 3270 permittatur,
1613 3158 1706 3238 data
1726 3155 1947 3266 Wigorniae
1969 3189 2020 3245 22

634 3279 747 3387 Julii,
773 3282 889 3388 2562,
913 3297 954 3388 p.
972 3307 1065 3389 257.

537 3403 602 3512 85.
631 3405 779 3484 Forma
798 3399 1081 3509 pacificationis
1101 3400 1264 3484 eccleliae
1285 3399 1574 3486 Zandwicensrs
1594 3398 1820 3484 aministris
1838 3419 1878 3484 et
1892 3402 2020 3490 senio·

634 3521 742 3603 ribus
764 3519 988 3631 subscripta,
1011 3542 1053 3632 p.
1071 3551 1162 3628 241.

540 3645 606 3726 86.
635 3642 812 3752 Epistola
836 3645 1040 3753 Rodolphi
1059 3645 1271 3730 Gualtheri
1296 3647 1346 3728 ad
1370 3645 1574 3730 dostorem
1592 3643 1844 3751 Uuitgiftum
1868 3649 2022 3764 collegii

618 3763 848 3868 ¹Trinitatis
868 3765 1138 3876 praepofitum,
1158 3767 1302 3880 inqua
1325 3767 1471 3876 gratias
1491 3766 1527 3850 ei
1549 3766 1632 3876 agit
1658 3793 1733 3878 pro
1756 3767 1954 3885 benelipiis
1979 3773 2023 3855 in

634 3884 767 3968 filium
786 3886 953 3982 collatis,
982 3890 1075 3970 data
1094 3889 1240 3999 Tiguri
1261 3919 1313 3996 24
1329 3891 1424 3973 Feb.
1450 3918 1566 4000 2575.
1902 3891 1910 3914 ’“

542 4013 607 4121 87.
636 4007 778 4090 Literae
806 4007 972 4090 Roberti
992 4012 1196 4114 Cevallerii
1224 4015 1274 4094 ad
1301 4017 1364 4096 M.
1377 4013 1524 4095 Parker
1551 4007 1887 4122 archiepiscopum
1914 4019 2023 4099 Can·
2103 4097 2107 4100 .

638 4129 889 4226 tuariensem,
918 4133 1012 4212 data
1029 4133 1296 4242 Cantabrigiae
1318 4141 1463 4246 5Sept.
1489 4136 1605 4243 2569,
1629 4151 1669 4242 p.
1688 4161 1779 4242 243·

543 4256 607 4336 88.
635 4251 812 4362 Epistola
831 4252 1106 4364 christophori
1126 4258 1229 4338 Stael
1257 4259 1308 4338 ad
1336 4263 1549 4351 Bucerum,
1574 4255 1625 4334 de
1653 4253 1767 4336 causa
1786 4255 1960 4369 Philippi
1988 4278 2026 4341 et

641 4373 779 4483 AEpini
797 4393 886 4454 tum
906 4374 949 4456 in
969 4377 1060 4455 aula
1077 4377 1286 4487 pendente,
1307 4397 1350 4487 p.
1369 4393 1461 4485 245.

546 4499 610 4608 89.
640 4495 816 4605 Epistola
847 4495 1051 4604 pastorum
1085 4499 1253 4581 ecclesiav
1276 4497 1533 4608 Argentorati
1564 4501 1615 4580 ad
1644 4502 1828 4596 eundem,
1864 4503 2026 4580 Petrum

640 4623 870 4726 Martyrum
890 4636 929 4696 et
949 4621 1119 4702 Paulum
1139 4621 1324 4728 Fagium,
1354 4621 1397 4704 in
1420 4647 1502 4730 qua
1528 4624 1754 4728 gratulatur
1772 4621 1826 4702 eis
1846 4619 1955 4727 quod
1983 4617 2025 4702 in

641 4765 809 4849 regnum
838 4765 929 4820 vera
959 4740 1148 4848 religione
1176 4741 1494 4826 florentiffimum
1522 4741 1794 4852 pervenillent,
1824 4757 1863 4822 et
1890 4739 2029 4825 omnia

645 4861 772 4944 fausta
792 4878 831 4941 et
851 4859 978 4944 felicia
998 4863 1052 4944 eis
1073 4882 1265 4973 exoptant
1283 4881 1322 4946 et
1342 4881 1567 4974 precantur,
1589 4884 1631 4974 p.
1647 4891 1738 4973 247.
1829 4935 1832 4942 .
1921 4935 1924 4945 .

549 5019 614 5098 90.
645 4983 822 5094 Epistola
839 4984 1014 5066 Conrarli
1034 4984 1255 5068 Huthberti
1279 4988 1328 5067 ad
1347 4992 1397 5068 A.
1410 4990 1456 5070 F.
1473 5002 1513 5068 et
1532 4991 1575 5068 P.
1589 4989 1634 5067 F.
1650 4986 1698 5066 de
1718 4985 1834 5066 rebus
1861 4983 1906 5066 in
1924 4989 2028 5070 Ger-

644 5105 778 5190 mania
806 5105 1010 5190 transactis
1043 5107 1130 5217 post
1158 5135 1299 5192 eorum
1331 5107 1423 5194 inde
1450 5107 1660 5220 circellum,
1694 5107 1787 5194 data
1813 5107 1979 5192 Rotalsu
2006 5137 2029 5192 2

644 5235 749 5341 Sept.
771 5244 813 5336 p.
831 5254 925 5338 252.
1880 5287 1888 5318 .

1761 5383 1828 5464 91.
1856 5351 2033 5464 Epistola
