5036 6264
1153 781 1310 881 CXII.
1938 815 2032 913 133

614 969 811 1090 Xdfinrm,
835 953 863 1020 ‘I
877 971 1109 1058 Finitur-hic
1126 991 1298 1084 quantum
1316 970 1444 1054 habere
1453 963 1561 1080 potui
1578 972 1619 1054 de
1636 972 1728 1056 libro
1742 966 1879 1086 quinta
1891 975 2042 1086 effintiae

618 1113 646 1150 “
669 1099 927 1210 trorffcrtptum
944 1125 1013 1178 non
1033 1099 1169 1206 parvis
1188 1097 1337 1204 e'xpensts
1364 1095 1406 1176 de
1429 1095 1638 1178 bibliotheca
1658 1145 1876 1167 ------
1895 1102 2043 1211 episcopi

615 1235 644 1270 ‘⁶
667 1271 922 1290 .......
943 1219 985 1302 de
1002 1248 1109 1326 regno
1129 1217 1377 1326 Portingaliae
1401 1217 1512 1298 michi
1535 1236 1570 1300 et
1589 1220 1700 1302 alteri
1723 1223 1837 1304 amico
1863 1251 1935 1306 meo
1959 1221 2044 1307 inde

613 1355 641 1392 “
660 1342 935 1456 transmiffitm.''

540 1479 581 1578 '4.
611 1467 916 1573 Testamentum
937 1459 1183 1571 Raymundi,
1204 1480 1247 1571 p.
1267 1460 1288 1542 8
1295 1488 1333 1570 ς.

545 1623 582 1700 ς.
614 1587 792 1671 Prailicu
811 1584 1133 1696 Raymundiszva
1148 1582 1317 1665 secunda
1336 1611 1427 1694 pars
1447 1581 1684 1682 testamenti,
1707 1605 1750 1696 p.
1769 1589 1864 1670 261.

544 1717 582 1794 6.
612 1709 919 1819 Codicillusſsoe
938 1707 1034 1790 vade
1055 1733 1229 1804 mecum,
1251 1724 1294 1815 p.
1315 1733 1408 1816 373.

542 1861 582 1945 7.
613 1832 733 1914 Liber
761 1830 914 1942 quintae
937 1829 1105 1912 effentiae
1118 1834 1203 1940 five
1229 1827 1278 1908 de
1306 1829 1562 1912 metallorum
1590 1827 1922 1914 transmutatione
1941 1853 2039 1921 cum

610 1955 779 2066 prologo
800 1951 986 2035 Monaldi
1006 1948 1283 2047 consolatorio,
1305 1969 1347 2059 p.
1363 1953 1459 2056 461.

543 2078 581 2160 8.
611 2075 961 2188 Lapidariumstoe
980 2073 1114 2157 anima
1133 2071 1227 2154 artis
1247 2071 1597 2171 transmutatorioe,
1619 2091 1663 2185 p.
1681 2079 1774 2185 569.

541 2230 579 2309 9.
611 2203 726 2310 Opus
748 2196 1057 2307 margaritarum
1076 2214 1116 2279 et
1134 2194 1316 2308 lapidum
1333 2193 1610 2304 pretiosorum,
1631 2215 1673 2308 p.
1692 2199 1784 2306 582.

544 2351 605 2405 10.
634 2320 813 2432 Epistola
833 2318 1116 2404 accurtationis
1137 2316 1277 2430 lapidis
1297 2315 1630 2429 philosophorum
1653 2321 1703 2402 ad
1724 2346 1856 2430 regem
1878 2321 2038 2405 nobee*
2170 2387 2177 2408 .
2264 2296 2270 2312 ’
2345 2283 2354 2301 ⁸

542 2592 605 2647 11.
633 2463 813 2646 i'iamdlida
826 2469 1110 2660 idimoeinalis,
1130 2590 1221 2672 quae
1236 2561 1383 2646 dicitur
1401 2589 1462 2646 ars
1482 2559 1611 2644 brevis
1627 2561 1692 2646 seu
1710 2562 1886 2674 profitica
1901 2563 2033 2678 operis

635 2684 817 2783 minoris,
838 2705 882 2797 p.
898 2687 992 2794 603.

472 2909 476 2918 ,
543 2835 604 2892 ra.
635 2807 851 2891 Traelatus
871 2805 1021 2890 arboris
1041 2802 1377 2918 philosophica-lis,
1399 2824 1441 2917 p.
1459 2807 1570 2930 663.

1138 3027 1368 3143 CXIII.

533 3203 649 3287 Codex
667 3204 874 3284 chartaceus
891 3200 1049 3310 infolio,
1057 3200 1178 3310 stralo
1196 3199 1448 3312 avistriptus‚
1469 3200 1510 3280 in
1529 3227 1595 3310 quo
1612 3203 1849 3299 continentur,

540 3354 574 3408 1.
605 3324 784 3436 Epistola
808 3323 988 3433 [Bucari]
1010 3325 1059 3404 ad
1079 3320 1287 3405 dominam
1308 3321 1584 3403 Eliz'abetham
1604 3322 1705 3432 regis
1724 3323 1911 3422 sororem,
1936 3327 2032 3414 data

604 3445 836 3530 Lambethae
859 3449 883 3526 6
901 3444 980 3528 kal.
998 3449 1104 3558 Sept.
1130 3471 1232 3555 1549
1248 3477 1257 3526 :
1288 3443 1331 3525 in
1351 3471 1433 3554 qua
1447 3447 1701 3536 commendat
1719 3445 1755 3528 ei
1773 3445 2031 3558 peregrinum

601 3572 804 3678 quendam
822 3567 894 3677 qui
913 3565 1114 3674 religionis
1135 3593 1230 3674 ergo
1248 3566 1292 3646 in
1313 3567 1504 3676 AngIIam
1523 3585 1697 3665 venerat,
1719 3588 1762 3677 p.
1786 3599 1819 3651 1.

535 3721 572 3777 2.
603 3687 780 3802 Epistola
812 3689 878 3798 [ut
907 3687 1062 3771 videtur
1086 3687 1292 3795 Asehami]
1323 3691 1417 3769 data
1451 3717 1497 3770 12
1515 3689 1595 3770 kal.
1615 3695 1722 3773 Nov.
1754 3718 1871 3800 1550,
1901 3691 2029 3775 mittit

601 3813 775 3895 dominae
796 3811 1041 3893 Elizabethae
1070 3812 1152 3892 duo
1170 3810 1411 3921 exemplaria
1438 3809 1561 3893 libelli
1586 3837 1609 3891 a
1628 3811 1805 3895 Sturmio
1825 3811 1921 3896 editi
1940 3809 2027 3897 'no-

599 3963 709 4016 mme
728 3951 893 4018 autons.

533 4089 571 4170 3.
600 4055 778 4166 Epistola
810 4053 989 4166 [Bucen]
1018 4057 1066 4137 ad
1092 4055 1371 4138 Marchionem
1399 4055 1714 4138 Dorcestrensem
1742 4059 1834 4139 data
1855 4062 1906 4140 26
1926 4063 2029 4146 Dec:

607 4208 621 4259 1
631 4205 653 4286 ς
659 4207 724 4287 50,
757 4179 984 4286 gratulatur
1011 4177 1046 4259 ei
1076 4181 1185 4287 quod
1219 4177 1264 4260 in
1298 4176 1514 4259 concilium
1548 4178 1777 4289 supremum
1812 4198 2024 4292 cooptatus

598 4299 701 4398 esset,
721 4317 760 4382 et
779 4301 917 4384 multis
930 4299 1175 4411 argumentis
1192 4299 1339 4397 suadet,
1360 4328 1411 4380 ne
1429 4301 1535 4380 bona
1546 4299 1711 4381 ecclefiae
1723 4301 1821 4384 olim
1832 4303 1961 4385 dicata
1978 4303 2025 4386 in

604 4421 701 4504 alios
722 4421 814 4505 usus
834 4422 1071 4520 alienentur,
1100 4423 1162 4506 sed
1183 4423 1229 4505 ad
1257 4422 1458 4504 ministros
1478 4421 1554 4505 Dei
1574 4423 1845 4507 sustentandos
1865 4441 1904 4506 et
1924 4423 2022 4508 alios

596 4544 684 4654 pios
704 4543 796 4626 usus
817 4543 987 4627 omnino
1008 4545 1272 4658 applicentur,
1296 4565 1338 4656 p.
1358 4573 1394 4652 5.

526 4698 567 4774 4.
597 4667 774 4778 Epistola
790 4665 970 4776 [Buceri]
988 4669 1035 4750 ad
1049 4667 1320 4752 marchionem
1330 4667 1833 4780 Northamptonensem,in
1846 4689 2024 4782 quaorat

1971 4815 2020 4878 Ut

528 5104 578 5192 7·]
593 5106 661 5174 the
674 5103 876 5174 CCCXCV.
893 5129 923 5194 5.
941 5107 1159 5178 CCCXCVI.
1175 5112 1209 5178 6.

526 5207 576 5288 8.]
593 5208 662 5276 Vide
677 5211 762 5294 supra
783 5231 809 5276 t.
827 5209 1034 5278 CCCXCVI
1050 5234 1082 5302 3.

525 5309 668 5408 CXIII]
685 5314 739 5383 Vct
755 5315 821 5388 car.
839 5313 929 5384 Mite.
948 5319 991 5386 A.
