<?xml version="1.0" encoding="UTF-8"?>
<!DOCTYPE html PUBLIC "-//W3C//DTD XHTML 1.0 Transitional//EN"
    "http://www.w3.org/TR/xhtml1/DTD/xhtml1-transitional.dtd">
<html xmlns="http://www.w3.org/1999/xhtml" xml:lang="en" lang="en">
 <head>
  <title>
</title>
<meta http-equiv="Content-Type" content="text/html;charset=utf-8" />
  <meta name='ocr-system' content='tesseract 3.04.00' />
  <meta name='ocr-capabilities' content='ocr_page ocr_carea ocr_par ocr_line ocrx_word'/>
</head>
<body>
  <div class='ocr_page' id='page_1' title='image "./cataloguslibror00nasmgoog_0087.png"; bbox 0 0 4980 6264; ppageno 0'>
   <div class='ocr_carea' id='block_1_1' title="bbox 461 773 1299 902">
    <p class='ocr_par' dir='ltr' id='par_1_1' title="bbox 461 773 1299 902">
     <span class='ocr_line' id='line_1_1' title="bbox 461 773 1299 902; baseline -0.006 -29"><span class='ocrx_word' id='word_1_1' title='bbox 461 807 521 902; x_wconf 87' lang='lat'>72</span> <span class='ocrx_word' id='word_1_2' title='bbox 1192 773 1299 870; x_wconf 82' lang='lat'>011.</span> 
     </span>
    </p>
   </div>
   <div class='ocr_carea' id='block_1_2' title="bbox 359 955 2017 5090">
    <p class='ocr_par' dir='ltr' id='par_1_2' title="bbox 455 955 2005 1076">
     <span class='ocr_line' id='line_1_2' title="bbox 455 955 2005 1076; baseline 0 -28"><span class='ocrx_word' id='word_1_3' title='bbox 455 963 715 1075; x_wconf 85' lang='lat' dir='ltr'><strong>spondentem</strong></span> <span class='ocrx_word' id='word_1_4' title='bbox 733 979 773 1045; x_wconf 90' lang='lat' dir='ltr'>et</span> <span class='ocrx_word' id='word_1_5' title='bbox 792 959 998 1070; x_wconf 86' lang='lat' dir='ltr'>magistros</span> <span class='ocrx_word' id='word_1_6' title='bbox 1019 962 1218 1074; x_wconf 91' lang='lat' dir='ltr'>Yungum</span> <span class='ocrx_word' id='word_1_7' title='bbox 1242 955 1464 1046; x_wconf 85' lang='lat' dir='ltr'>Sedwicum</span> <span class='ocrx_word' id='word_1_8' title='bbox 1489 975 1529 1044; x_wconf 89' lang='lat' dir='ltr'>et</span> <span class='ocrx_word' id='word_1_9' title='bbox 1554 963 1730 1046; x_wconf 90' lang='lat' dir='ltr'>Pernum</span> <span class='ocrx_word' id='word_1_10' title='bbox 1758 981 2005 1076; x_wconf 89' lang='lat' dir='ltr'>opponentes</span> 
     </span>
    </p>

    <p class='ocr_par' dir='ltr' id='par_1_3' title="bbox 455 1083 830 1198">
     <span class='ocr_line' id='line_1_3' title="bbox 455 1083 830 1198; baseline -0.005 -30"><span class='ocrx_word' id='word_1_11' title='bbox 455 1088 505 1168; x_wconf 87' lang='lat' dir='ltr'>de</span> <span class='ocrx_word' id='word_1_12' title='bbox 524 1086 585 1168; x_wconf 86' lang='lat' dir='ltr'>his</span> <span class='ocrx_word' id='word_1_13' title='bbox 606 1083 830 1198; x_wconf 84' lang='lat' dir='ltr'>propofitis,</span> 
     </span>
    </p>

    <p class='ocr_par' dir='ltr' id='par_1_4' title="bbox 511 1205 2007 1318">
     <span class='ocr_line' id='line_1_4' title="bbox 511 1205 2007 1318; baseline 0.001 -28"><span class='ocrx_word' id='word_1_14' title='bbox 511 1219 540 1254; x_wconf 87' lang='lat'><strong><em>“</em></strong></span> <span class='ocrx_word' id='word_1_15' title='bbox 564 1206 759 1291; x_wconf 89' lang='lat' dir='ltr'>Canonici</span> <span class='ocrx_word' id='word_1_16' title='bbox 776 1205 868 1290; x_wconf 87' lang='lat' dir='ltr'>libri</span> <span class='ocrx_word' id='word_1_17' title='bbox 883 1207 1028 1288; x_wconf 88' lang='lat' dir='ltr'>docent</span> <span class='ocrx_word' id='word_1_18' title='bbox 1045 1205 1116 1291; x_wconf 92' lang='lat' dir='ltr'>soli</span> <span class='ocrx_word' id='word_1_19' title='bbox 1135 1207 1293 1290; x_wconf 88' lang='lat' dir='ltr'>abunde</span> <span class='ocrx_word' id='word_1_20' title='bbox 1309 1224 1481 1305; x_wconf 87' lang='lat' dir='ltr'>renatos,</span> <span class='ocrx_word' id='word_1_21' title='bbox 1503 1235 1594 1318; x_wconf 85' lang='lat' dir='ltr'>quae</span> <span class='ocrx_word' id='word_1_22' title='bbox 1610 1207 1687 1290; x_wconf 90' lang='lat' dir='ltr'>smt</span> <span class='ocrx_word' id='word_1_23' title='bbox 1704 1205 1820 1290; x_wconf 90' lang='lat' dir='ltr'>saluti</span> <span class='ocrx_word' id='word_1_24' title='bbox 1833 1209 2007 1292; x_wconf 87' lang='lat' dir='ltr'>omnia.&#39;’</span> 
     </span>
    </p>

    <p class='ocr_par' dir='ltr' id='par_1_5' title="bbox 510 1328 2009 1442">
     <span class='ocr_line' id='line_1_5' title="bbox 510 1328 2009 1442; baseline 0.001 -30"><span class='ocrx_word' id='word_1_25' title='bbox 510 1343 540 1379; x_wconf 86' lang='lat'><strong>“</strong></span> <span class='ocrx_word' id='word_1_26' title='bbox 563 1332 690 1413; x_wconf 91' lang='lat' dir='ltr'>Nulla</span> <span class='ocrx_word' id='word_1_27' title='bbox 708 1329 762 1414; x_wconf 89' lang='lat' dir='ltr'>est</span> <span class='ocrx_word' id='word_1_28' title='bbox 789 1329 832 1413; x_wconf 94' lang='lat' dir='ltr'>in</span> <span class='ocrx_word' id='word_1_29' title='bbox 851 1328 965 1412; x_wconf 90' lang='lat' dir='ltr'>terris</span> <span class='ocrx_word' id='word_1_30' title='bbox 984 1328 1152 1430; x_wconf 85' lang='lat' dir='ltr'>ecclesra,</span> <span class='ocrx_word' id='word_1_31' title='bbox 1181 1358 1272 1440; x_wconf 86' lang='lat' dir='ltr'>quae</span> <span class='ocrx_word' id='word_1_32' title='bbox 1299 1358 1386 1414; x_wconf 92' lang='lat' dir='ltr'>non</span> <span class='ocrx_word' id='word_1_33' title='bbox 1405 1350 1508 1414; x_wconf 85' lang='lat' dir='ltr'>erret</span> <span class='ocrx_word' id='word_1_34' title='bbox 1529 1349 1615 1414; x_wconf 87' lang='lat' dir='ltr'>tam</span> <span class='ocrx_word' id='word_1_35' title='bbox 1642 1330 1687 1414; x_wconf 92' lang='lat' dir='ltr'>in</span> <span class='ocrx_word' id='word_1_36' title='bbox 1707 1328 1784 1414; x_wconf 89' lang='lat' dir='ltr'>fide</span> <span class='ocrx_word' id='word_1_37' title='bbox 1812 1359 1937 1442; x_wconf 90' lang='lat' dir='ltr'>quam</span> <span class='ocrx_word' id='word_1_38' title='bbox 1964 1332 2009 1416; x_wconf 93' lang='lat' dir='ltr'>in</span> 
     </span>
    </p>

    <p class='ocr_par' dir='ltr' id='par_1_6' title="bbox 457 1451 723 1537">
     <span class='ocr_line' id='line_1_6' title="bbox 457 1451 723 1537; baseline -0.011 0"><span class='ocrx_word' id='word_1_39' title='bbox 457 1465 486 1500; x_wconf 87' lang='lat'><strong>“</strong></span> <span class='ocrx_word' id='word_1_40' title='bbox 503 1451 723 1537; x_wconf 89' lang='lat' dir='ltr'>moribus.&#39;’</span> 
     </span>
    </p>

    <p class='ocr_par' dir='ltr' id='par_1_7' title="bbox 515 1573 2009 1688">
     <span class='ocr_line' id='line_1_7' title="bbox 515 1573 2009 1688; baseline 0.001 -29"><span class='ocrx_word' id='word_1_41' title='bbox 515 1589 542 1624; x_wconf 91' lang='lat'><strong>“</strong></span> <span class='ocrx_word' id='word_1_42' title='bbox 564 1581 627 1660; x_wconf 91' lang='lat' dir='ltr'>Ita</span> <span class='ocrx_word' id='word_1_43' title='bbox 645 1575 767 1686; x_wconf 85' lang='lat' dir='ltr'>gratis</span> <span class='ocrx_word' id='word_1_44' title='bbox 785 1573 1048 1684; x_wconf 88' lang='lat' dir='ltr'>justificamur</span> <span class='ocrx_word' id='word_1_45' title='bbox 1065 1601 1089 1656; x_wconf 88' lang='lat' dir='ltr'>a</span> <span class='ocrx_word' id='word_1_46' title='bbox 1109 1577 1210 1672; x_wconf 90' lang='lat' dir='ltr'>Deo,</span> <span class='ocrx_word' id='word_1_47' title='bbox 1230 1591 1278 1658; x_wconf 92' lang='lat' dir='ltr'>ut</span> <span class='ocrx_word' id='word_1_48' title='bbox 1296 1593 1389 1658; x_wconf 91' lang='lat' dir='ltr'>ante</span> <span class='ocrx_word' id='word_1_49' title='bbox 1405 1573 1729 1684; x_wconf 87' lang='lat' dir='ltr'>justificationem</span> <span class='ocrx_word' id='word_1_50' title='bbox 1747 1601 1788 1658; x_wconf 87' lang='lat' dir='ltr'>re</span> <span class='ocrx_word' id='word_1_51' title='bbox 1807 1603 1899 1660; x_wconf 84' lang='lat' dir='ltr'>vera</span> <span class='ocrx_word' id='word_1_52' title='bbox 1917 1595 2009 1688; x_wconf 87' lang='lat' dir='ltr'>pec-</span> 
     </span>
    </p>

    <p class='ocr_par' dir='ltr' id='par_1_8' title="bbox 459 1697 2011 1810">
     <span class='ocr_line' id='line_1_8' title="bbox 459 1697 2011 1810; baseline -0.001 -29"><span class='ocrx_word' id='word_1_53' title='bbox 459 1711 486 1747; x_wconf 87' lang='lat'><strong>“</strong></span> <span class='ocrx_word' id='word_1_54' title='bbox 507 1717 646 1782; x_wconf 89' lang='lat' dir='ltr'>catum</span> <span class='ocrx_word' id='word_1_55' title='bbox 661 1697 722 1796; x_wconf 88' lang='lat' dir='ltr'>srt,</span> <span class='ocrx_word' id='word_1_56' title='bbox 742 1697 923 1809; x_wconf 83' lang='lat' dir='ltr'>iramque</span> <span class='ocrx_word' id='word_1_57' title='bbox 938 1697 1016 1781; x_wconf 88' lang='lat' dir='ltr'>Dei</span> <span class='ocrx_word' id='word_1_58' title='bbox 1035 1697 1079 1780; x_wconf 94' lang='lat' dir='ltr'>in</span> <span class='ocrx_word' id='word_1_59' title='bbox 1099 1725 1174 1778; x_wconf 88' lang='lat' dir='ltr'>nos</span> <span class='ocrx_word' id='word_1_60' title='bbox 1195 1714 1396 1807; x_wconf 88' lang='lat' dir='ltr'>provocet,</span> <span class='ocrx_word' id='word_1_61' title='bbox 1418 1697 1612 1810; x_wconf 91' lang='lat' dir='ltr'>quicquid</span> <span class='ocrx_word' id='word_1_62' title='bbox 1625 1697 1724 1780; x_wconf 92' lang='lat' dir='ltr'>boni</span> <span class='ocrx_word' id='word_1_63' title='bbox 1738 1697 1869 1810; x_wconf 86' lang='lat' dir='ltr'>operis</span> <span class='ocrx_word' id='word_1_64' title='bbox 1884 1697 2011 1784; x_wconf 85' lang='lat' dir='ltr'>facere</span> 
     </span>
    </p>

    <p class='ocr_par' dir='ltr' id='par_1_9' title="bbox 459 1819 1841 1932">
     <span class='ocr_line' id='line_1_9' title="bbox 459 1819 1841 1932; baseline 0 -30"><span class='ocrx_word' id='word_1_65' title='bbox 459 1833 486 1870; x_wconf 90' lang='lat'><strong>“</strong></span> <span class='ocrx_word' id='word_1_66' title='bbox 508 1819 737 1904; x_wconf 89' lang='lat' dir='ltr'>videamur:</span> <span class='ocrx_word' id='word_1_67' title='bbox 766 1819 969 1930; x_wconf 85' lang='lat' dir='ltr'>justificati</span> <span class='ocrx_word' id='word_1_68' title='bbox 987 1839 1122 1903; x_wconf 88' lang='lat' dir='ltr'>autem</span> <span class='ocrx_word' id='word_1_69' title='bbox 1141 1821 1249 1902; x_wconf 88' lang='lat' dir='ltr'>bona</span> <span class='ocrx_word' id='word_1_70' title='bbox 1267 1847 1387 1932; x_wconf 90' lang='lat' dir='ltr'>opera</span> <span class='ocrx_word' id='word_1_71' title='bbox 1405 1820 1575 1906; x_wconf 87' lang='lat' dir='ltr'>facimus</span> <span class='ocrx_word' id='word_1_72' title='bbox 1593 1819 1841 1904; x_wconf 83' lang='lat' dir='ltr'>necessario.”</span> 
     </span>
    </p>

    <p class='ocr_par' dir='ltr' id='par_1_10' title="bbox 513 1941 2005 2059">
     <span class='ocr_line' id='line_1_10' title="bbox 513 1941 2005 2059; baseline 0.002 -32"><span class='ocrx_word' id='word_1_73' title='bbox 513 1947 617 2027; x_wconf 89' lang='lat' dir='ltr'><em>Huic</em></span> <span class='ocrx_word' id='word_1_74' title='bbox 643 1945 876 2059; x_wconf 76' lang='lat' dir='ltr'>disputationi</span> <span class='ocrx_word' id='word_1_75' title='bbox 894 1943 1052 2055; x_wconf 82' lang='lat' dir='ltr'>praefixa</span> <span class='ocrx_word' id='word_1_76' title='bbox 1076 1942 1134 2052; x_wconf 69' lang='lat' dir='ltr'>esf,</span> <span class='ocrx_word' id='word_1_77' title='bbox 1165 1941 1343 2055; x_wconf 88' lang='lat' dir='ltr'>Epistola</span> <span class='ocrx_word' id='word_1_78' title='bbox 1367 1944 1509 2028; x_wconf 87' lang='lat' dir='ltr'>Buceri</span> <span class='ocrx_word' id='word_1_79' title='bbox 1536 1945 1587 2028; x_wconf 92' lang='lat' dir='ltr'>ad</span> <span class='ocrx_word' id='word_1_80' title='bbox 1612 1943 1836 2042; x_wconf 74' lang='lat' dir='ltr'>tenorem,</span> <span class='ocrx_word' id='word_1_81' title='bbox 1864 1943 1957 2030; x_wconf 89' lang='lat' dir='ltr'>data</span> <span class='ocrx_word' id='word_1_82' title='bbox 1984 1974 2005 2054; x_wconf 84' lang='lat'>3</span> 
     </span>
    </p>

    <p class='ocr_par' dir='ltr' id='par_1_11' title="bbox 457 2067 853 2177">
     <span class='ocr_line' id='line_1_11' title="bbox 457 2067 853 2177; baseline 0 -27"><span class='ocrx_word' id='word_1_83' title='bbox 457 2067 516 2150; x_wconf 92' lang='lat' dir='ltr'>Id.</span> <span class='ocrx_word' id='word_1_84' title='bbox 537 2067 709 2176; x_wconf 89' lang='lat' dir='ltr'>Augusti</span> <span class='ocrx_word' id='word_1_85' title='bbox 735 2097 750 2150; x_wconf 94' lang='lat'>1</span> <span class='ocrx_word' id='word_1_86' title='bbox 760 2095 782 2177; x_wconf 77' lang='grc' dir='ltr'><em>ς</em></span> <span class='ocrx_word' id='word_1_87' title='bbox 790 2095 853 2177; x_wconf 81' lang='lat'>50.</span> 
     </span>
    </p>

    <p class='ocr_par' dir='ltr' id='par_1_12' title="bbox 517 2187 2009 2303">
     <span class='ocr_line' id='line_1_12' title="bbox 517 2187 2009 2303; baseline 0 -31"><span class='ocrx_word' id='word_1_88' title='bbox 517 2217 556 2272; x_wconf 89' lang='lat'>2.</span> <span class='ocrx_word' id='word_1_89' title='bbox 585 2189 764 2300; x_wconf 88' lang='lat' dir='ltr'>Epistola</span> <span class='ocrx_word' id='word_1_90' title='bbox 800 2187 960 2300; x_wconf 90' lang='lat' dir='ltr'>[Buceri</span> <span class='ocrx_word' id='word_1_91' title='bbox 993 2190 1044 2272; x_wconf 89' lang='lat' dir='ltr'>ad</span> <span class='ocrx_word' id='word_1_92' title='bbox 1075 2191 1277 2302; x_wconf 85' lang='lat' dir='ltr'>quendam</span> <span class='ocrx_word' id='word_1_93' title='bbox 1311 2189 1558 2303; x_wconf 85' lang='lat' dir='ltr'>episcopum]</span> <span class='ocrx_word' id='word_1_94' title='bbox 1595 2191 1645 2274; x_wconf 89' lang='lat' dir='ltr'>de</span> <span class='ocrx_word' id='word_1_95' title='bbox 1676 2191 1865 2299; x_wconf 85' lang='lat' dir='ltr'>dogmate</span> <span class='ocrx_word' id='word_1_96' title='bbox 1894 2192 2009 2299; x_wconf 89' lang='lat' dir='ltr'>Mag.</span> 
     </span>
    </p>

    <p class='ocr_par' dir='ltr' id='par_1_13' title="bbox 544 2309 1358 2424">
     <span class='ocr_line' id='line_1_13' title="bbox 544 2309 1358 2424; baseline 0.001 -28"><span class='ocrx_word' id='word_1_97' title='bbox 544 2309 547 2316; x_wconf 73' lang='grc'><strong>’</strong></span> <span class='ocrx_word' id='word_1_98' title='bbox 584 2316 731 2420; x_wconf 90' lang='lat' dir='ltr'>Yunge</span> <span class='ocrx_word' id='word_1_99' title='bbox 749 2311 853 2396; x_wconf 89' lang='lat' dir='ltr'>circa</span> <span class='ocrx_word' id='word_1_100' title='bbox 869 2311 1205 2420; x_wconf 87' lang='lat' dir='ltr'>justificationem,</span> <span class='ocrx_word' id='word_1_101' title='bbox 1228 2332 1270 2424; x_wconf 86' lang='lat' dir='ltr'>p.</span> <span class='ocrx_word' id='word_1_102' title='bbox 1292 2317 1358 2422; x_wconf 89' lang='lat'>69.</span> 
     </span>
    </p>

    <p class='ocr_par' dir='ltr' id='par_1_14' title="bbox 518 2433 2012 2914">
     <span class='ocr_line' id='line_1_14' title="bbox 518 2433 2011 2547; baseline -0.001 -29"><span class='ocrx_word' id='word_1_103' title='bbox 518 2463 556 2545; x_wconf 89' lang='lat'>3.</span> <span class='ocrx_word' id='word_1_104' title='bbox 586 2435 775 2546; x_wconf 69' lang='lat' dir='ltr'>Epistola,</span> <span class='ocrx_word' id='word_1_105' title='bbox 797 2435 1124 2519; x_wconf 86' lang='lat' dir='ltr'>vice-cancellarii</span> <span class='ocrx_word' id='word_1_106' title='bbox 1156 2437 1371 2520; x_wconf 72' lang='lat' dir='ltr'>doftorum</span> <span class='ocrx_word' id='word_1_107' title='bbox 1400 2453 1439 2518; x_wconf 91' lang='lat' dir='ltr'>et</span> <span class='ocrx_word' id='word_1_108' title='bbox 1472 2435 1720 2547; x_wconf 86' lang='lat' dir='ltr'>reliquorum</span> <span class='ocrx_word' id='word_1_109' title='bbox 1748 2433 2011 2542; x_wconf 87' lang='lat' dir='ltr'>collegiorum</span> 
     </span>
     <span class='ocr_line' id='line_1_15' title="bbox 585 2557 2011 2670; baseline -0.001 -30"><span class='ocrx_word' id='word_1_110' title='bbox 585 2557 890 2670; x_wconf 83' lang='lat' dir='ltr'>praepositorum</span> <span class='ocrx_word' id='word_1_111' title='bbox 911 2559 979 2669; x_wconf 90' lang='lat' dir='ltr'>[ad</span> <span class='ocrx_word' id='word_1_112' title='bbox 991 2557 1206 2648; x_wconf 79' lang='lat' dir='ltr'>visitatores</span> <span class='ocrx_word' id='word_1_113' title='bbox 1228 2558 1456 2668; x_wconf 81' lang='lat' dir='ltr'>academiae]</span> <span class='ocrx_word' id='word_1_114' title='bbox 1480 2557 1523 2642; x_wconf 92' lang='lat' dir='ltr'>in</span> <span class='ocrx_word' id='word_1_115' title='bbox 1536 2557 1618 2670; x_wconf 74' lang='lat' dir='ltr'>quai</span> <span class='ocrx_word' id='word_1_116' title='bbox 1637 2575 1781 2669; x_wconf 91' lang='lat' dir='ltr'>petunt</span> <span class='ocrx_word' id='word_1_117' title='bbox 1793 2557 2011 2640; x_wconf 90' lang='lat' dir='ltr'>concilium</span> 
     </span>
     <span class='ocr_line' id='line_1_16' title="bbox 585 2681 2012 2793; baseline -0.001 -29"><span class='ocrx_word' id='word_1_118' title='bbox 585 2700 727 2764; x_wconf 90' lang='lat' dir='ltr'>utrum</span> <span class='ocrx_word' id='word_1_119' title='bbox 759 2681 959 2792; x_wconf 84' lang='lat' dir='ltr'>expediret</span> <span class='ocrx_word' id='word_1_120' title='bbox 996 2681 1223 2792; x_wconf 88' lang='lat' dir='ltr'>permittere</span> <span class='ocrx_word' id='word_1_121' title='bbox 1255 2681 1567 2793; x_wconf 89' lang='lat' dir='ltr'>disputationem</span> <span class='ocrx_word' id='word_1_122' title='bbox 1600 2681 1705 2766; x_wconf 92' lang='lat' dir='ltr'>inter</span> <span class='ocrx_word' id='word_1_123' title='bbox 1738 2685 1939 2766; x_wconf 88' lang='lat' dir='ltr'>Bucerum</span> <span class='ocrx_word' id='word_1_124' title='bbox 1971 2695 2012 2762; x_wconf 89' lang='lat' dir='ltr'>et</span> 
     </span>
     <span class='ocr_line' id='line_1_17' title="bbox 585 2803 1558 2914; baseline 0.001 -29"><span class='ocrx_word' id='word_1_125' title='bbox 585 2807 784 2912; x_wconf 89' lang='lat' dir='ltr'>Yungum</span> <span class='ocrx_word' id='word_1_126' title='bbox 802 2807 850 2886; x_wconf 90' lang='lat' dir='ltr'>de</span> <span class='ocrx_word' id='word_1_127' title='bbox 867 2803 1147 2912; x_wconf 87' lang='lat' dir='ltr'>justificatione</span> <span class='ocrx_word' id='word_1_128' title='bbox 1166 2804 1404 2901; x_wconf 89' lang='lat' dir='ltr'>habendam,</span> <span class='ocrx_word' id='word_1_129' title='bbox 1427 2822 1469 2914; x_wconf 86' lang='lat' dir='ltr'>p.</span> <span class='ocrx_word' id='word_1_130' title='bbox 1492 2805 1558 2888; x_wconf 91' lang='lat'>81.</span> 
     </span>
    </p>

    <p class='ocr_par' dir='ltr' id='par_1_15' title="bbox 518 2924 2012 3527">
     <span class='ocr_line' id='line_1_18' title="bbox 518 2924 2012 3037; baseline -0.001 -29"><span class='ocrx_word' id='word_1_131' title='bbox 518 2953 559 3031; x_wconf 90' lang='lat'>4.</span> <span class='ocrx_word' id='word_1_132' title='bbox 589 2925 820 3036; x_wconf 87' lang='lat' dir='ltr'>Disputatio</span> <span class='ocrx_word' id='word_1_133' title='bbox 855 2926 960 3007; x_wconf 90' lang='lat' dir='ltr'>inter</span> <span class='ocrx_word' id='word_1_134' title='bbox 994 2954 1059 3008; x_wconf 90' lang='lat' dir='ltr'>eos</span> <span class='ocrx_word' id='word_1_135' title='bbox 1092 2926 1230 3008; x_wconf 88' lang='lat' dir='ltr'>habita</span> <span class='ocrx_word' id='word_1_136' title='bbox 1259 2927 1517 3037; x_wconf 87' lang='lat' dir='ltr'>respondente</span> <span class='ocrx_word' id='word_1_137' title='bbox 1551 2929 1664 3034; x_wconf 85' lang='lat' dir='ltr'>Mag.</span> <span class='ocrx_word' id='word_1_138' title='bbox 1695 2931 1859 3034; x_wconf 89' lang='lat' dir='ltr'>Yungo,</span> <span class='ocrx_word' id='word_1_139' title='bbox 1897 2924 2012 3033; x_wconf 89' lang='lat' dir='ltr'>cujus</span> 
     </span>
     <span class='ocr_line' id='line_1_19' title="bbox 588 3045 2011 3156; baseline -0.003 -24"><span class='ocrx_word' id='word_1_140' title='bbox 588 3048 703 3132; x_wconf 80' lang='lat' dir='ltr'>thesis</span> <span class='ocrx_word' id='word_1_141' title='bbox 722 3065 819 3146; x_wconf 87' lang='lat' dir='ltr'>erat,</span> <span class='ocrx_word' id='word_1_142' title='bbox 835 3058 861 3092; x_wconf 92' lang='lat'><strong>“</strong></span> <span class='ocrx_word' id='word_1_143' title='bbox 875 3046 1096 3130; x_wconf 89' lang='lat' dir='ltr'>Hominem</span> <span class='ocrx_word' id='word_1_144' title='bbox 1110 3047 1295 3128; x_wconf 91' lang='lat' dir='ltr'>nondum</span> <span class='ocrx_word' id='word_1_145' title='bbox 1308 3047 1581 3156; x_wconf 87' lang='lat' dir='ltr'>justificatum,</span> <span class='ocrx_word' id='word_1_146' title='bbox 1601 3048 1785 3130; x_wconf 92' lang='lat' dir='ltr'>nondum</span> <span class='ocrx_word' id='word_1_147' title='bbox 1802 3047 1879 3128; x_wconf 92' lang='lat' dir='ltr'>fide</span> <span class='ocrx_word' id='word_1_148' title='bbox 1896 3045 2011 3154; x_wconf 86' lang='lat' dir='ltr'>justi-</span> 
     </span>
     <span class='ocr_line' id='line_1_20' title="bbox 588 3167 2011 3282; baseline -0.002 -28"><span class='ocrx_word' id='word_1_149' title='bbox 588 3183 615 3218; x_wconf 89' lang='lat'>“</span> <span class='ocrx_word' id='word_1_150' title='bbox 638 3169 782 3254; x_wconf 88' lang='lat' dir='ltr'>ficante</span> <span class='ocrx_word' id='word_1_151' title='bbox 797 3171 1009 3267; x_wconf 87' lang='lat' dir='ltr'>donatum,</span> <span class='ocrx_word' id='word_1_152' title='bbox 1029 3167 1133 3282; x_wconf 84' lang='lat' dir='ltr'>ppffe</span> <span class='ocrx_word' id='word_1_153' title='bbox 1147 3167 1274 3251; x_wconf 88' lang='lat' dir='ltr'>facere</span> <span class='ocrx_word' id='word_1_154' title='bbox 1289 3197 1409 3282; x_wconf 90' lang='lat' dir='ltr'>opera</span> <span class='ocrx_word' id='word_1_155' title='bbox 1423 3170 1530 3251; x_wconf 89' lang='lat' dir='ltr'>bona</span> <span class='ocrx_word' id='word_1_156' title='bbox 1545 3188 1784 3281; x_wconf 89' lang='lat' dir='ltr'>acceptaque</span> <span class='ocrx_word' id='word_1_157' title='bbox 1797 3173 1899 3266; x_wconf 90' lang='lat' dir='ltr'>De0,</span> <span class='ocrx_word' id='word_1_158' title='bbox 1920 3198 2011 3280; x_wconf 88' lang='lat' dir='ltr'>quae</span> 
     </span>
     <span class='ocr_line' id='line_1_21' title="bbox 589 3290 2012 3404; baseline -0.001 -27"><span class='ocrx_word' id='word_1_159' title='bbox 589 3305 616 3341; x_wconf 88' lang='lat'><strong>“</strong></span> <span class='ocrx_word' id='word_1_160' title='bbox 638 3313 800 3404; x_wconf 90' lang='lat' dir='ltr'>peccata</span> <span class='ocrx_word' id='word_1_161' title='bbox 813 3321 896 3376; x_wconf 94' lang='lat' dir='ltr'>non</span> <span class='ocrx_word' id='word_1_162' title='bbox 912 3293 1018 3390; x_wconf 86' lang='lat' dir='ltr'>sunt,</span> <span class='ocrx_word' id='word_1_163' title='bbox 1038 3290 1188 3403; x_wconf 85' lang='lat' dir='ltr'>esseque</span> <span class='ocrx_word' id='word_1_164' title='bbox 1203 3291 1247 3375; x_wconf 91' lang='lat' dir='ltr'>in</span> <span class='ocrx_word' id='word_1_165' title='bbox 1262 3293 1438 3404; x_wconf 89' lang='lat' dir='ltr'>quodam</span> <span class='ocrx_word' id='word_1_166' title='bbox 1454 3291 1585 3374; x_wconf 88' lang='lat' dir='ltr'>medio</span> <span class='ocrx_word' id='word_1_167' title='bbox 1599 3292 1705 3375; x_wconf 89' lang='lat' dir='ltr'>statu</span> <span class='ocrx_word' id='word_1_168' title='bbox 1723 3291 1828 3374; x_wconf 88' lang='lat' dir='ltr'>inter</span> <span class='ocrx_word' id='word_1_169' title='bbox 1842 3292 2012 3375; x_wconf 92' lang='lat' dir='ltr'>omnino</span> 
     </span>
     <span class='ocr_line' id='line_1_22' title="bbox 590 3417 1336 3527; baseline 0 -29"><span class='ocrx_word' id='word_1_170' title='bbox 590 3421 617 3464; x_wconf 73' lang='lat'>&#39;“</span> <span class='ocrx_word' id='word_1_171' title='bbox 637 3417 782 3526; x_wconf 88' lang='lat' dir='ltr'>impios</span> <span class='ocrx_word' id='word_1_172' title='bbox 802 3433 841 3498; x_wconf 89' lang='lat' dir='ltr'>et</span> <span class='ocrx_word' id='word_1_173' title='bbox 861 3417 979 3526; x_wconf 88' lang='lat' dir='ltr'>plane</span> <span class='ocrx_word' id='word_1_174' title='bbox 997 3417 1184 3526; x_wconf 88' lang='lat' dir='ltr'>probos,&#39;&#39;</span> <span class='ocrx_word' id='word_1_175' title='bbox 1205 3436 1247 3527; x_wconf 87' lang='lat' dir='ltr'>p.</span> <span class='ocrx_word' id='word_1_176' title='bbox 1271 3417 1336 3527; x_wconf 83' lang='lat'>83.</span> 
     </span>
    </p>

    <p class='ocr_par' dir='ltr' id='par_1_16' title="bbox 521 3535 2011 3650">
     <span class='ocr_line' id='line_1_23' title="bbox 521 3535 2011 3650; baseline -0.001 -29"><span class='ocrx_word' id='word_1_177' title='bbox 521 3569 557 3650; x_wconf 85' lang='lat'>5.</span> <span class='ocrx_word' id='word_1_178' title='bbox 587 3538 767 3649; x_wconf 90' lang='lat' dir='ltr'>Epistola</span> <span class='ocrx_word' id='word_1_179' title='bbox 786 3535 892 3622; x_wconf 87' lang='lat' dir='ltr'>Petri</span> <span class='ocrx_word' id='word_1_180' title='bbox 909 3535 1071 3622; x_wconf 88' lang='lat' dir='ltr'>Martiri</span> <span class='ocrx_word' id='word_1_181' title='bbox 1088 3540 1138 3620; x_wconf 91' lang='lat' dir='ltr'>ad</span> <span class='ocrx_word' id='word_1_182' title='bbox 1156 3545 1355 3622; x_wconf 90' lang='lat' dir='ltr'>Bucerum</span> <span class='ocrx_word' id='word_1_183' title='bbox 1375 3537 1423 3622; x_wconf 91' lang='lat' dir='ltr'>de</span> <span class='ocrx_word' id='word_1_184' title='bbox 1441 3535 1556 3622; x_wconf 88' lang='lat' dir='ltr'>causa</span> <span class='ocrx_word' id='word_1_185' title='bbox 1575 3557 1615 3620; x_wconf 91' lang='lat' dir='ltr'>et</span> <span class='ocrx_word' id='word_1_186' title='bbox 1632 3535 1877 3648; x_wconf 81' lang='lat' dir='ltr'>argumentis</span> <span class='ocrx_word' id='word_1_187' title='bbox 1898 3543 2011 3648; x_wconf 86' lang='lat' dir='ltr'>Mag.</span> 
     </span>
    </p>

    <p class='ocr_par' dir='ltr' id='par_1_17' title="bbox 525 3660 1506 3773">
     <span class='ocr_line' id='line_1_24' title="bbox 525 3660 1506 3773; baseline 0 -29"><span class='ocrx_word' id='word_1_188' title='bbox 525 3665 532 3676; x_wconf 79' lang='grc'><strong>“</strong></span> <span class='ocrx_word' id='word_1_189' title='bbox 591 3660 745 3769; x_wconf 87' lang='lat' dir='ltr'>Yungi,</span> <span class='ocrx_word' id='word_1_190' title='bbox 765 3661 858 3742; x_wconf 90' lang='lat' dir='ltr'>data</span> <span class='ocrx_word' id='word_1_191' title='bbox 879 3666 1013 3744; x_wconf 84' lang='lat' dir='ltr'>Oxon.</span> <span class='ocrx_word' id='word_1_192' title='bbox 1036 3690 1082 3773; x_wconf 87' lang='lat'>31</span> <span class='ocrx_word' id='word_1_193' title='bbox 1104 3667 1211 3770; x_wconf 88' lang='lat' dir='ltr'>Aug.</span> <span class='ocrx_word' id='word_1_194' title='bbox 1237 3689 1354 3772; x_wconf 84' lang='lat'>1550,</span> <span class='ocrx_word' id='word_1_195' title='bbox 1377 3681 1420 3772; x_wconf 87' lang='lat' dir='ltr'>p.</span> <span class='ocrx_word' id='word_1_196' title='bbox 1441 3693 1506 3771; x_wconf 91' lang='lat'>91.</span> 
     </span>
    </p>

    <p class='ocr_par' dir='ltr' id='par_1_18' title="bbox 520 3781 2014 4142">
     <span class='ocr_line' id='line_1_25' title="bbox 520 3781 2012 3896; baseline 0 -30"><span class='ocrx_word' id='word_1_197' title='bbox 520 3786 558 3868; x_wconf 86' lang='lat'>6.</span> <span class='ocrx_word' id='word_1_198' title='bbox 588 3783 767 3895; x_wconf 88' lang='lat' dir='ltr'>Epistola</span> <span class='ocrx_word' id='word_1_199' title='bbox 784 3784 965 3894; x_wconf 88' lang='lat' dir='ltr'>[Martiri</span> <span class='ocrx_word' id='word_1_200' title='bbox 980 3785 1029 3866; x_wconf 88' lang='lat' dir='ltr'>ad</span> <span class='ocrx_word' id='word_1_201' title='bbox 1043 3785 1244 3895; x_wconf 88' lang='lat' dir='ltr'>quendam</span> <span class='ocrx_word' id='word_1_202' title='bbox 1260 3784 1507 3896; x_wconf 91' lang='lat' dir='ltr'>episcopum]</span> <span class='ocrx_word' id='word_1_203' title='bbox 1525 3781 1597 3866; x_wconf 91' lang='lat' dir='ltr'>ubi</span> <span class='ocrx_word' id='word_1_204' title='bbox 1611 3782 1750 3866; x_wconf 90' lang='lat' dir='ltr'>multis</span> <span class='ocrx_word' id='word_1_205' title='bbox 1766 3781 2012 3894; x_wconf 91' lang='lat' dir='ltr'>argumentis</span> 
     </span>
     <span class='ocr_line' id='line_1_26' title="bbox 587 3905 2014 4019; baseline -0.001 -29"><span class='ocrx_word' id='word_1_206' title='bbox 587 3927 731 3992; x_wconf 90' lang='lat' dir='ltr'>contra</span> <span class='ocrx_word' id='word_1_207' title='bbox 747 3908 1019 4018; x_wconf 87' lang='lat' dir='ltr'>Augustinum</span> <span class='ocrx_word' id='word_1_208' title='bbox 1035 3909 1192 4019; x_wconf 88' lang='lat' dir='ltr'>probat,</span> <span class='ocrx_word' id='word_1_209' title='bbox 1209 3909 1318 4018; x_wconf 89' lang='lat' dir='ltr'>quod</span> <span class='ocrx_word' id='word_1_210' title='bbox 1331 3907 1419 4019; x_wconf 87' lang='lat' dir='ltr'>post</span> <span class='ocrx_word' id='word_1_211' title='bbox 1436 3906 1586 4015; x_wconf 87' lang='lat' dir='ltr'>justum</span> <span class='ocrx_word' id='word_1_212' title='bbox 1600 3905 1819 3990; x_wconf 88' lang='lat' dir='ltr'>divortium</span> <span class='ocrx_word' id='word_1_213' title='bbox 1834 3907 2014 4017; x_wconf 89' lang='lat' dir='ltr'>utrisque</span> 
     </span>
     <span class='ocr_line' id='line_1_27' title="bbox 591 4029 2013 4142; baseline 0 -30"><span class='ocrx_word' id='word_1_214' title='bbox 591 4031 683 4113; x_wconf 86' lang='lat' dir='ltr'>licet</span> <span class='ocrx_word' id='word_1_215' title='bbox 711 4031 835 4114; x_wconf 91' lang='lat' dir='ltr'>altero</span> <span class='ocrx_word' id='word_1_216' title='bbox 860 4029 1063 4142; x_wconf 89' lang='lat' dir='ltr'>superstite</span> <span class='ocrx_word' id='word_1_217' title='bbox 1086 4029 1393 4115; x_wconf 89' lang='lat' dir='ltr'>matrimonium</span> <span class='ocrx_word' id='word_1_218' title='bbox 1415 4031 1549 4113; x_wconf 92' lang='lat' dir='ltr'>denuo</span> <span class='ocrx_word' id='word_1_219' title='bbox 1569 4029 1815 4128; x_wconf 89' lang='lat' dir='ltr'>contrahere,</span> <span class='ocrx_word' id='word_1_220' title='bbox 1846 4029 1939 4113; x_wconf 89' lang='lat' dir='ltr'>data</span> <span class='ocrx_word' id='word_1_221' title='bbox 1964 4057 2013 4140; x_wconf 91' lang='lat'>17</span> 
     </span>
    </p>

    <p class='ocr_par' dir='ltr' id='par_1_19' title="bbox 359 4155 1003 4265">
     <span class='ocr_line' id='line_1_28' title="bbox 359 4155 1003 4265; baseline 0.003 -32"><span class='ocrx_word' id='word_1_222' title='bbox 359 4243 363 4248; x_wconf 51' lang='grc'><strong>,</strong></span> <span class='ocrx_word' id='word_1_223' title='bbox 590 4155 707 4236; x_wconf 88' lang='lat' dir='ltr'>Febr.</span> <span class='ocrx_word' id='word_1_224' title='bbox 734 4183 851 4262; x_wconf 82' lang='lat'>1542,</span> <span class='ocrx_word' id='word_1_225' title='bbox 874 4174 917 4265; x_wconf 86' lang='lat' dir='ltr'>p.</span> <span class='ocrx_word' id='word_1_226' title='bbox 938 4185 1003 4262; x_wconf 82' lang='lat'>95.</span> 
     </span>
    </p>

    <p class='ocr_par' dir='ltr' id='par_1_20' title="bbox 523 4274 1912 4386">
     <span class='ocr_line' id='line_1_29' title="bbox 523 4274 1912 4386; baseline -0.001 -28"><span class='ocrx_word' id='word_1_227' title='bbox 523 4305 563 4386; x_wconf 89' lang='lat'>7.</span> <span class='ocrx_word' id='word_1_228' title='bbox 592 4275 772 4386; x_wconf 87' lang='lat' dir='ltr'>Epistola</span> <span class='ocrx_word' id='word_1_229' title='bbox 790 4275 990 4384; x_wconf 87' lang='lat' dir='ltr'>[Martiri]</span> <span class='ocrx_word' id='word_1_230' title='bbox 1015 4277 1064 4358; x_wconf 87' lang='lat' dir='ltr'>ad</span> <span class='ocrx_word' id='word_1_231' title='bbox 1082 4281 1281 4360; x_wconf 89' lang='lat' dir='ltr'>Bucerum</span> <span class='ocrx_word' id='word_1_232' title='bbox 1299 4278 1347 4358; x_wconf 92' lang='lat' dir='ltr'>de</span> <span class='ocrx_word' id='word_1_233' title='bbox 1367 4276 1471 4358; x_wconf 79' lang='lat' dir='ltr'>flatu</span> <span class='ocrx_word' id='word_1_234' title='bbox 1490 4274 1732 4374; x_wconf 82' lang='lat' dir='ltr'>Germaniae,</span> <span class='ocrx_word' id='word_1_235' title='bbox 1754 4294 1796 4386; x_wconf 86' lang='lat' dir='ltr'>p.</span> <span class='ocrx_word' id='word_1_236' title='bbox 1824 4305 1912 4386; x_wconf 83' lang='lat'><strong>¹03·</strong></span> 
     </span>
    </p>

    <p class='ocr_par' dir='ltr' id='par_1_21' title="bbox 525 4395 2013 4631">
     <span class='ocr_line' id='line_1_30' title="bbox 525 4395 2013 4510; baseline -0.001 -30"><span class='ocrx_word' id='word_1_237' title='bbox 525 4399 563 4482; x_wconf 92' lang='lat'>8.</span> <span class='ocrx_word' id='word_1_238' title='bbox 593 4397 771 4510; x_wconf 87' lang='lat' dir='ltr'>Epistola</span> <span class='ocrx_word' id='word_1_239' title='bbox 789 4397 951 4480; x_wconf 82' lang='lat' dir='ltr'>Martiri</span> <span class='ocrx_word' id='word_1_240' title='bbox 971 4399 1020 4479; x_wconf 87' lang='lat' dir='ltr'>ad</span> <span class='ocrx_word' id='word_1_241' title='bbox 1040 4402 1238 4480; x_wconf 90' lang='lat' dir='ltr'>Bucerum</span> <span class='ocrx_word' id='word_1_242' title='bbox 1256 4397 1519 4480; x_wconf 89' lang='lat' dir='ltr'>consolatoria</span> <span class='ocrx_word' id='word_1_243' title='bbox 1544 4399 1592 4478; x_wconf 93' lang='lat' dir='ltr'>de</span> <span class='ocrx_word' id='word_1_244' title='bbox 1611 4397 1761 4481; x_wconf 89' lang='lat' dir='ltr'>morbis</span> <span class='ocrx_word' id='word_1_245' title='bbox 1779 4416 1819 4482; x_wconf 92' lang='lat' dir='ltr'>et</span> <span class='ocrx_word' id='word_1_246' title='bbox 1838 4398 1923 4482; x_wconf 87' lang='lat' dir='ltr'>aliis</span> <span class='ocrx_word' id='word_1_247' title='bbox 1944 4395 2013 4478; x_wconf 91' lang='lat' dir='ltr'>ad-</span> 
     </span>
     <span class='ocr_line' id='line_1_31' title="bbox 592 4519 1881 4631; baseline 0.001 -31"><span class='ocrx_word' id='word_1_248' title='bbox 592 4521 708 4604; x_wconf 80' lang='lat' dir='ltr'>versis</span> <span class='ocrx_word' id='word_1_249' title='bbox 727 4549 818 4630; x_wconf 86' lang='lat' dir='ltr'>quae</span> <span class='ocrx_word' id='word_1_250' title='bbox 837 4524 989 4602; x_wconf 90' lang='lat' dir='ltr'>Bucero</span> <span class='ocrx_word' id='word_1_251' title='bbox 1009 4519 1245 4618; x_wconf 86' lang='lat' dir='ltr'>acciderant,</span> <span class='ocrx_word' id='word_1_252' title='bbox 1265 4521 1358 4602; x_wconf 90' lang='lat' dir='ltr'>data</span> <span class='ocrx_word' id='word_1_253' title='bbox 1377 4523 1510 4602; x_wconf 88' lang='lat' dir='ltr'>Oxon.</span> <span class='ocrx_word' id='word_1_254' title='bbox 1539 4521 1583 4601; x_wconf 88' lang='lat'>18</span> <span class='ocrx_word' id='word_1_255' title='bbox 1606 4525 1702 4602; x_wconf 88' lang='lat' dir='ltr'>Dec.</span> <span class='ocrx_word' id='word_1_256' title='bbox 1723 4539 1766 4631; x_wconf 88' lang='lat' dir='ltr'>p.</span> <span class='ocrx_word' id='word_1_257' title='bbox 1794 4548 1881 4629; x_wconf 88' lang='lat'>107.</span> 
     </span>
    </p>

    <p class='ocr_par' dir='ltr' id='par_1_22' title="bbox 469 4639 2015 5000">
     <span class='ocr_line' id='line_1_32' title="bbox 469 4639 2015 4754; baseline -0.001 -30"><span class='ocrx_word' id='word_1_258' title='bbox 469 4711 478 4724; x_wconf 95' lang='lat'>.</span> <span class='ocrx_word' id='word_1_259' title='bbox 526 4675 564 4754; x_wconf 91' lang='lat'>9.</span> <span class='ocrx_word' id='word_1_260' title='bbox 594 4650 631 4726; x_wconf 90' lang='lat' dir='ltr'>A</span> <span class='ocrx_word' id='word_1_261' title='bbox 646 4642 799 4728; x_wconf 88' lang='lat' dir='ltr'>treatise</span> <span class='ocrx_word' id='word_1_262' title='bbox 817 4641 1059 4752; x_wconf 90' lang='lat' dir='ltr'>concerning</span> <span class='ocrx_word' id='word_1_263' title='bbox 1072 4642 1140 4724; x_wconf 87' lang='lat' dir='ltr'>the</span> <span class='ocrx_word' id='word_1_264' title='bbox 1159 4641 1385 4725; x_wconf 92' lang='lat' dir='ltr'>immediate</span> <span class='ocrx_word' id='word_1_265' title='bbox 1403 4642 1527 4751; x_wconf 92' lang='lat' dir='ltr'>going</span> <span class='ocrx_word' id='word_1_266' title='bbox 1541 4659 1586 4724; x_wconf 93' lang='lat' dir='ltr'>to</span> <span class='ocrx_word' id='word_1_267' title='bbox 1599 4643 1750 4724; x_wconf 91' lang='lat' dir='ltr'>heaven</span> <span class='ocrx_word' id='word_1_268' title='bbox 1764 4641 1813 4724; x_wconf 94' lang='lat' dir='ltr'>of</span> <span class='ocrx_word' id='word_1_269' title='bbox 1827 4643 1894 4724; x_wconf 91' lang='lat' dir='ltr'>the</span> <span class='ocrx_word' id='word_1_270' title='bbox 1909 4639 2015 4722; x_wconf 82' lang='lat' dir='ltr'>fouls</span> 
     </span>
     <span class='ocr_line' id='line_1_33' title="bbox 564 4763 2013 4864; baseline -0.002 -17"><span class='ocrx_word' id='word_1_271' title='bbox 564 4765 613 4847; x_wconf 92' lang='lat' dir='ltr'>of</span> <span class='ocrx_word' id='word_1_272' title='bbox 635 4767 702 4848; x_wconf 90' lang='lat' dir='ltr'>the</span> <span class='ocrx_word' id='word_1_273' title='bbox 723 4765 889 4852; x_wconf 84' lang='lat' dir='ltr'>faithful</span> <span class='ocrx_word' id='word_1_274' title='bbox 907 4765 1056 4848; x_wconf 88' lang='lat' dir='ltr'>fathers</span> <span class='ocrx_word' id='word_1_275' title='bbox 1081 4765 1215 4848; x_wconf 90' lang='lat' dir='ltr'>before</span> <span class='ocrx_word' id='word_1_276' title='bbox 1234 4765 1379 4864; x_wconf 89' lang='lat' dir='ltr'>Christ,</span> <span class='ocrx_word' id='word_1_277' title='bbox 1406 4765 1485 4847; x_wconf 91' lang='lat' dir='ltr'>and</span> <span class='ocrx_word' id='word_1_278' title='bbox 1502 4766 1591 4847; x_wconf 87' lang='lat' dir='ltr'>that</span> <span class='ocrx_word' id='word_1_279' title='bbox 1610 4765 1742 4846; x_wconf 88' lang='lat' dir='ltr'>Christ</span> <span class='ocrx_word' id='word_1_280' title='bbox 1760 4763 1828 4846; x_wconf 94' lang='lat' dir='ltr'>did</span> <span class='ocrx_word' id='word_1_281' title='bbox 1852 4779 1926 4846; x_wconf 93' lang='lat' dir='ltr'>not</span> <span class='ocrx_word' id='word_1_282' title='bbox 1942 4763 2013 4844; x_wconf 89' lang='lat' dir='ltr'>de-</span> 
     </span>
     <span class='ocr_line' id='line_1_34' title="bbox 563 4887 1787 5000; baseline -0.003 -28"><span class='ocrx_word' id='word_1_283' title='bbox 563 4887 679 4972; x_wconf 81' lang='lat' dir='ltr'>scend</span> <span class='ocrx_word' id='word_1_284' title='bbox 698 4889 785 4972; x_wconf 93' lang='lat' dir='ltr'>into</span> <span class='ocrx_word' id='word_1_285' title='bbox 805 4889 899 4988; x_wconf 91' lang='lat' dir='ltr'>hell,</span> <span class='ocrx_word' id='word_1_286' title='bbox 920 4887 1080 4972; x_wconf 89' lang='lat' dir='ltr'>written</span> <span class='ocrx_word' id='word_1_287' title='bbox 1100 4889 1152 5000; x_wconf 93' lang='lat' dir='ltr'>by</span> <span class='ocrx_word' id='word_1_288' title='bbox 1171 4887 1429 5000; x_wconf 90' lang='lat' dir='ltr'>Christopher</span> <span class='ocrx_word' id='word_1_289' title='bbox 1449 4887 1607 4986; x_wconf 91' lang='lat' dir='ltr'>Carlile,</span> <span class='ocrx_word' id='word_1_290' title='bbox 1630 4905 1672 4999; x_wconf 87' lang='lat' dir='ltr'>p.</span> <span class='ocrx_word' id='word_1_291' title='bbox 1699 4916 1787 4968; x_wconf 90' lang='lat'>111.</span> 
     </span>
    </p>

    <p class='ocr_par' dir='ltr' id='par_1_23' title="bbox 1890 5007 2017 5090">
     <span class='ocr_line' id='line_1_35' title="bbox 1890 5007 2017 5090; baseline 0 -1"><span class='ocrx_word' id='word_1_292' title='bbox 1890 5020 1918 5056; x_wconf 90' lang='lat'><strong>“</strong></span> <span class='ocrx_word' id='word_1_293' title='bbox 1938 5007 2017 5090; x_wconf 83' lang='lat' dir='ltr'>Hic</span> 
     </span>
    </p>
   </div>
   <div class='ocr_carea' id='block_1_3' title="bbox 727 5269 1757 5356">
    <p class='ocr_par' dir='ltr' id='par_1_24' title="bbox 727 5269 1757 5356">
     <span class='ocr_line' id='line_1_36' title="bbox 727 5269 1757 5356; baseline 0 -20"><span class='ocrx_word' id='word_1_294' title='bbox 727 5269 777 5355; x_wconf 88' lang='grc'>6.]</span> <span class='ocrx_word' id='word_1_295' title='bbox 795 5271 887 5338; x_wconf 79' lang='lat' dir='ltr'>Extat</span> <span class='ocrx_word' id='word_1_296' title='bbox 902 5271 982 5338; x_wconf 86' lang='lat' dir='ltr'>inter</span> <span class='ocrx_word' id='word_1_297' title='bbox 996 5271 1180 5340; x_wconf 77' lang='lat' dir='ltr'>colledanea</span> <span class='ocrx_word' id='word_1_298' title='bbox 1197 5271 1324 5340; x_wconf 84' lang='lat' dir='ltr'>loannis</span> <span class='ocrx_word' id='word_1_299' title='bbox 1339 5269 1446 5340; x_wconf 85' lang='lat' dir='ltr'>Barret</span> <span class='ocrx_word' id='word_1_300' title='bbox 1460 5269 1618 5340; x_wconf 87' lang='lat' dir='ltr'>CXXIV.</span> <span class='ocrx_word' id='word_1_301' title='bbox 1634 5283 1664 5356; x_wconf 84' lang='lat' dir='ltr'>p.</span> <span class='ocrx_word' id='word_1_302' title='bbox 1686 5289 1757 5338; x_wconf 89' lang='lat'>121.</span> 
     </span>
    </p>
   </div>
   <div class='ocr_carea' id='block_1_4' title="bbox 0 0 2503 6260">
    <p class='ocr_par' dir='ltr' id='par_1_25' title="bbox 0 0 2503 6260">
     <span class='ocr_line' id='line_1_37' title="bbox 0 0 2503 6260; baseline 0 0"><span class='ocrx_word' id='word_1_303' title='bbox 0 0 2503 6260; x_wconf 95' lang='lat' dir='ltr'> </span> 
     </span>
    </p>
   </div>
  </div>
 </body>
</html>
