4980 6264
508 789 577 886 40

1200 957 1338 1074 LX.

550 1109 670 1192 Codex
686 1111 973 1195 membranaceus
991 1111 1149 1221 infolio,
1155 1115 1277 1223 stculo
1295 1144 1350 1198 xv
1368 1130 1557 1213 exaratus,
1577 1119 1618 1199 in
1637 1145 1702 1228 quo
1721 1123 1941 1223 continetur,

553 1233 714 1316 loannis
734 1233 952 1316 Parifienfis
972 1231 1135 1316 historia
1154 1234 1383 1316 universalis
1402 1237 1464 1316 vel
1483 1239 1714 1323 memoriale
1732 1243 2003 1332 historiarum.¹

550 1353 719 1460 Hostoria
736 1357 928 1438 deducitur
945 1385 969 1436 o
988 1354 1168 1436 creatione
1185 1353 1239 1436 od
1254 1383 1389 1438 annum
1409 1355 1550 1461 Christi
1573 1385 1690 1470 1322.

1182 1559 1352 1674 LXI.

546 1707 593 1794 'A
613 1712 828 1822 parchment
857 1713 939 1794 book
971 1713 1012 1794 in
1033 1713 1132 1822 folio
1165 1717 1283 1822 neatly
1316 1714 1483 1814 written,
1520 1715 1599 1798 and
1626 1721 1858 1802 ornamented
1885 1720 1980 1802 soitb
2009 1749 2037 1806 a

468 1931 471 1936 ι
477 1833 720 1946 stantispiece
736 1836 851 1945 ricbly
871 1838 1112 1934 illuminated,
1132 1841 1357 1948 containing,

547 1955 747 2040 Chaucers
766 1956 946 2058 Troilus,
965 1985 989 2040 a
1007 1985 1126 2069 poem
1146 1958 1191 2044 in
1210 1959 1305 2042 four
1325 1957 1467 2043 books.

1155 2163 1355 2280 LXII.

538 2315 663 2398 Codex
680 2315 967 2398 membranaceus
988 2317 1029 2398 in
1035 2316 1148 2423 folio,
1156 2321 1278 2429 stcula
1296 2322 1374 2402 xiii
1377 2317 1558 2430 scriptus,
1579 2317 1620 2397 in
1638 2343 1703 2422 quo
1724 2319 1966 2419 continentur,

548 2463 583 2518 1.
612 2437 817 2520 Parabolae
845 2437 1082 2534 Salamonis,
1112 2440 1373 2539 Ecclefiastes,
1402 2458 1442 2522 et
1463 2436 1631 2519 Cantica
1660 2437 1908 2524 canticarurn
1937 2467 2033 2525 cum

612 2555 747 2664 glolia.

614 2681 691 2758 Imo
709 2678 864 2787 pagina
888 2675 1120 2783 inscribitur,
1150 2680 1320 2764 “Liber
1344 2681 1389 2764 de
1412 2678 1563 2786 claustro
1588 2677 1745 2786 Rofferfi
1759 2696 1833 2788 per
1852 2684 1904 2764 L.
1923 2683 2032 2766 vica-

615 2807 642 2844 “
661 2799 762 2879 rium
780 2799 822 2880 de
839 2798 983 2880 stoke?

540 2940 578 2998 2.
606 2916 704 2999 Vita
732 2922 770 2998 S.
800 2917 992 2998 bernardi
1027 2917 1181 3002 abbatis
1217 2917 1565 3030 [Claraevallenfis]
1601 2945 1625 3000 a
1657 2918 1787 3002 tribus
1819 2919 2031 3005 abbatibus

475 3037 717 3148 conscripta.
736 3035 806 3118 lib.
824 3065 861 3118 v.

536 3159 692 3240 Primus
723 3157 817 3239 liber
848 3175 1009 3241 autorem
1039 3159 1170 3243 habuit
1200 3161 1420 3244 Wiilelmum
1454 3159 1620 3242 abbatem
1651 3163 1691 3242 S.
1712 3157 1886 3242 Ybeodori
1895 3200 1907 3257 3
1943 3163 2030 3246 huic

479 3309 567 3361 vero
591 3281 797 3363 immediate
821 3281 1053 3388 adjungitur,
1083 3291 1108 3328 “
1130 3279 1352 3392 Subscriptio
1375 3281 1491 3392 operis
1505 3281 1731 3390 precedentis
1756 3311 1863 3390 quam
1884 3289 2031 3366 aubiore

482 3412 509 3448 “
528 3403 694 3510 desuntio
719 3403 959 3484 Burcbardus
981 3404 1091 3485 abbas
1110 3404 1300 3511 balneensis
1323 3404 1514 3514 appastcit”
1541 3430 1621 3514 quoe
1644 3421 1722 3482 tota
1748 3401 1794 3508 ed
1821 3403 1862 3483 in
1890 3405 2030 3490 laudent

473 3523 639 3632 predicti
657 3522 834 3605 Willelmi
844 3562 855 3618 3
885 3524 980 3604 liber
985 3524 1164 3634 secundus
1183 3524 1330 3606 debetur
1347 3523 1515 3606 Arnaldo
1531 3523 1660 3604 abbati
1677 3523 1903 3614 Bonaeuallis
1912 3564 1926 3622 3
1954 3546 2030 3610 tres

479 3645 621 3725 ultimos
640 3644 749 3724 libros
767 3643 883 3725 edidit
902 3641 1111 3753 Gausridus
1129 3645 1240 3726 abbas
1259 3644 1555 3747 Claraevallenfis.

534 3765 667 3846 Primo
683 3764 783 3874 folio
809 3764 916 3871 beos'us
949 3767 1045 3849 vita
1073 3766 1304 3876 irffcribitur,
1335 3764 1502 3846 “Liber
1532 3763 1574 3845 de
1603 3761 1754 3864 clanstro
1782 3764 1939 3876 Roffenſs
1956 3786 2028 3879 per

476 3893 507 3976 .“
525 3885 690 3967 Paulum
701 3886 905 3996 priorem.’'

532 4033 574 4114 3.
603 4004 699 4090 vita
719 4010 755 4090 S.
773 4007 982 4092 Malachiae
1008 4007 1293 4121 archiepiscopi
1317 4004 1578 4092 Hibernenfis
1606 4005 1749 4118 scripta
1775 4035 1846 4118 per
1871 4011 1909 4092 S.
1929 4013 2026 4095 Ber-

603 4127 776 4209 nardum
800 4128 1192 4238 [Claraevallensem.]

532 4273 574 4353 4.
602 4248 781 4331 Historia
811 4249 993 4332 miraculi
1023 4253 1071 4331 de
1100 4252 1277 4359 quodam
1307 4247 1454 4332 caueto
1481 4247 1531 4328 de
1559 4273 1725 4356 corpore
1754 4273 1804 4329 ex
1832 4246 2025 4334 relatione

603 4357 759 4441 Donati
778 4359 1011 4442 Caffilienfis
1031 4358 1325 4469 archiepiscopi.

536 4503 574 4588 5.
602 4478 724 4560 Liber
754 4479 1025 4588 apologeticus
1054 4479 1161 4561 beati
1187 4479 1379 4561 bernardi
1409 4476 1758 4587 [Claraevallenlis]
1793 4479 1842 4561 de
1874 4479 1956 4564 vita
1984 4498 2026 4564 et

602 4599 784 4683 moribus
804 4600 1079 4710 religiosorum
1098 4602 1149 4686 ad
1169 4600 1424 4685 Willelmum
1443 4597 1642 4682 abbatem.

1697 4787 1702 4792 .
1844 4711 1883 4790 6.
1913 4709 2023 4793 beati

530 5005 629 5088 ·Lx.]
646 5005 709 5072 Vct.
725 5005 791 5069 Cot.
808 5003 846 5068 B.
863 5003 893 5070 8.
910 5003 1007 5070 MSS.
1024 5003 1107 5086 Angl.
1128 5001 1307 5088 1296-20.

528 5099 638 5182 Lx1.]
656 5100 719 5168 Vct.
735 5101 804 5165 Cat.
822 5099 858 5163 Β.
876 5119 905 5184 5.
924 5097 1021 5164 MSS.
1039 5099 1124 5180 Angl.
1142 5115 1310 5180 1293··17.

532 5195 661 5281 cnm]
677 5197 740 5270 oa.
756 5195 822 5265 ca.
838 5195 915 5264 sas.
933 5193 977 5262 D.
993 5215 1025 5282 4.
1042 5192 1141 5264 mss,
1158 5191 1244 5274 nego.
1266 5189 1460 5279 ¹⁶31··3⁶4·
1600 5161 1605 5174 '
