4980 6264
1098 1065 1341 1182 XXIII.

503 1243 617 1326 Codex
640 1245 921 1328 membranaceus
939 1245 980 1326 in
994 1243 1104 1354 solio,
1129 1245 1229 1354 cujus
1253 1247 1295 1327 in
1307 1246 1435 1355 priore
1451 1261 1562 1354 parte
1585 1271 1694 1324 manu
1718 1236 1827 1326 vaide
1843 1237 1994 1348 antiqua

444 1383 599 1448 exarata
617 1369 854 1462 continentur,

509 1517 542 1568 1.
573 1488 727 1570 Aurelii
764 1486 970 1571 Prudentii
1007 1487 1225 1572 Clementis
1266 1483 1588 1600 Psyehomachia,
1629 1483 1786 1570 iconibus
1821 1480 1996 1591 hr'sioricis

446 1628 481 1689 et
510 1611 709 1719 allegoricis
737 1613 950 1720 curiosorum
982 1612 1121 1722 effodio
1152 1641 1219 1694 non
1248 1612 1410 1723 indignis
1446 1610 1497 1719 89
1525 1627 1682 1692 emata:
1718 1634 1763 1688 ex
1794 1605 1849 1686 his
1879 1603 1994 1686 iconi-

447 1731 510 1812 bus
528 1759 577 1839 50
592 1753 668 1814 tom
686 1736 871 1816 Saxonicis
886 1763 992 1844 quum
1007 1735 1160 1818 Latinis
1174 1733 1461 1847 irfirrptionibus
1473 1732 1646 1843 gaudent.
1674 1728 1865 1840 Infiriptio
1879 1729 1995 1808 Saxo-

446 1857 531 1935 nico
554 1861 691 1964 primae
716 1858 826 1938 iconis
854 1856 1030 1966 historico
1050 1855 1125 1939 hnc
1148 1859 1209 1966 est,
1240 1869 1267 1904 “
1292 1849 1343 1959 «Ι-
1367 1861 1457 1957 Heu
1471 1859 1591 1958 Gobef
1606 1853 1742 1958 spupi'
1776 1849 1996 1959 (antiquitus

446 1977 540 2060 enim
555 1980 660 2059 Deus
670 1996 741 2088 per
758 1979 940 2061 dexteram
965 2009 1010 2060 ex
1029 1978 1177 2062 nubibus
1187 1983 1393 2091 porrodiam
1418 1974 1764 2090 repraesentabatur)
1797 1983 1825 2018 “
1842 1975 1998 2073 ponbeob

449 2109 477 2143 “
499 2104 698 2199 Abpohone
714 2123 778 2202 paet
794 2103 838 2183 he
860 2104 914 2201 his
932 2131 1018 2200 sunu
1035 2131 1077 2181 ne
1093 2107 1243 2208 opploge
1259 2134 1312 2206 19²
1334 2105 1405 2184 hrrn
1428 2103 1606 2184 bebeoten
1629 2126 1708 2202 paef.
1745 2126 1782 2176 ac
1800 2115 1911 2198 punbe
1926 2095 1997 2174 him

448 2229 475 2266 “
493 2247 573 2296 anne
589 2223 677 2294 Rom
695 2223 797 2300 Gobe
812 2241 849 2296 to
861 2249 977 2326 geope
994 2227 1203 2328 pnigennffl

501 2337 811 2451 Psychomachiam
828 2341 1012 2449 excipiunt
1030 2343 1148 2424 eadem
1167 2371 1276 2424 monn
1295 2339 1705 2455 exoratastobsequentia
1716 2355 1908 2449 poenierim

500 2487 541 2544 2.
571 2461 782 2542 Romanus
803 2457 878 2542 iive
896 2461 1018 2572 paffio
1036 2462 1162 2546 sanni
1182 2464 1373 2547 Romaiu.

505 2615 543 2696 3.
573 2585 764 2691 Hymnus
789 2581 833 2666 in
859 2581 1012 2666 honore
1032 2585 1262 2669 sandiorum
1283 2603 1509 2698 martyrum
1528 2577 1696 2670 Emetrii
1714 2597 1754 2662 et
1773 2575 2001 2662 Chelidonii

573 2703 975 2787 Calicurritanorum.
1565 2719 1569 2729 '

504 2859 544 2936 4.
574 2825 700 2908 Paffio
717 2825 926 2909 Laurentii
945 2827 1152 2910 beatissimi
1172 2827 1360 2912 martiris.

506 2979 544 3062 ς.
576 2950 767 3058 Hymnus
785 2947 830 3032 in
849 2947 1003 3032 honore
1022 2951 1191 3034 Eulaliae
1209 2943 1436 3033 beatiffiniae
1454 2947 1619 3058 virginis
1640 2964 1679 3030 et
1699 2943 1887 3032 muniris.

505 3077 544 3158 6.
574 3073 766 3178 Hymnus
787 3068 831 3154 in
851 3071 1004 3154 honore
1023 3073 1216 3156 decernet
1235 3072 1330 3156 odio
1350 3072 1564 3155 martirum
1584 3069 1987 3181 cesaragustanorum

504 3224 544 3308 7.
574 3193 699 3276 Passio
717 3191 843 3276 saniii
862 3195 1078 3278 Vincentii.

507 3319 544 3401 8.
577 3318 768 3426 Hymnus
786 3316 829 3400 in
856 3316 1010 3400 honore
1031 3317 1344 3402 beatissimorum
1371 3313 1584 3400 martirum
1604 3310 1815 3398 Frudiuofi
1833 3310 2005 3425 episcopi

574 3437 879 3522 Terraconensrs
900 3458 940 3522 et
959 3441 1133 3549 Augurii
1154 3460 1195 3523 et
1210 3438 1373 3548 Eulogii
1389 3438 1667 3522 diaconorum.

508 3595 547 3674 9.
577 3562 768 3670 Hymnus
794 3561 837 3646 in
863 3562 1018 3646 honore
1036 3563 1202 3672 Qirini
1226 3561 1435 3646 beatissimi
1458 3560 1631 3645 martiris
1650 3548 1819 3674 episcopi
1838 3553 2004 3640 ecclesrae
2093 3564 2097 3584 '

576 3681 792 3767 Sciscianae.

1847 3828 1909 3885 ro.
1939 3801 2004 3883 De

505 4141 655 4228 xxiii]
671 4145 735 4214 Ver.
752 4150 823 4214 Cot.
836 4145 874 4214 F.
894 4169 922 4216 1.
939 4147 1035 4218 MSS.
1052 4151 1139 4236 Angl.
1157 4151 1340 4238 1332-56.

510 4255 557 4340 1.]
574 4253 644 4323 Vide
658 4253 848 4324 ccxxiii.
866 4279 924 4336 2ο.

507 4359 558 4442 2.]
575 4359 649 4424 ibid.
667 4381 719 4428 21.

509 4463 560 4554 3.]
577 4463 652 4530 ibid.
669 4487 723 4533 22.

506 4570 561 4655 4.]
575 4569 651 4636 ibid.
667 4591 722 4658 23.

507 4677 558 4764 5.]
574 4677 649 4743 ibid.
668 4697 722 4762 ²4·

507 4779 559 4864 6.]
576 4781 652 4846 ibid.
669 4801 688 4848 2
692 4803 724 4868 ς.

509 4888 559 4976 7.]
575 4888 651 4956 ibid.
669 4891 723 4958 26.

510 4993 561 5076 8.]
577 4991 651 5058 ibid.
669 5014 723 5080 27.

508 5099 560 5187 9.]
576 5100 652 5168 ibid.
668 5103 723 5169 28·
