4996 6262
779 803 1465 888 PREFATIO.

352 977 562 1098 impetrata.
617 981 818 1068 Prohiboit
850 986 926 1067 hac
954 985 1024 1083 lex,
1056 985 1109 1068 ad
1134 985 1234 1091 cajus
1260 981 1522 1094 observantiam
1548 1011 1660 1067 onnes
1676 983 1886 1098 juramento

352 1107 603 1217 cdlringincm
632 1137 676 1188 ne
701 1106 831 1191 codices
850 1106 929 1206 illa,
957 1137 1063 1218 quaen
1080 1125 1250 1218 optarem,
1278 1105 1471 1216 diligentia
1495 1107 1594 1188 inter
1605 1107 1650 1217 sc
1668 1109 1882 1215 coefferranc.

353 1234 418 1313 Ea
434 1229 646 1337 tamenfuit
664 1229 869 1312 humanitas
886 1244 922 1310 et
937 1229 1105 1338 magistri
1120 1229 1352 1337 etsocicrum,
1382 1228 1508 1338 quibus
1525 1257 1579 1308 me
1606 1245 1639 1309 et
1660 1229 1720 1309 hoc
1737 1249 1772 1310 et
1797 1230 1882 1311 aliis

352 1350 552 1434 nominibus
568 1349 719 1432 multum
734 1348 857 1434 debete
868 1368 980 1460 grato
997 1351 1117 1434 animo
1135 1350 1309 1460 confiteor,
1337 1367 1380 1430 ut
1401 1366 1471 1458 per
1487 1350 1641 1460 quinque
1653 1349 1743 1458 sere
1759 1379 1880 1448 annos,

240 1487 242 1492 ’
352 1471 480 1583 quibus
496 1473 539 1556 in
555 1472 617 1554 hoc
633 1488 733 1581 opere
750 1469 931 1568 laboravi,
963 1472 1147 1554 licentiam
1173 1470 1305 1554 codices
1330 1469 1371 1552 in
1390 1498 1568 1552 cameram
1586 1471 1792 1582 asportandi
1804 1473 1881 1582 sa·

352 1595 486 1676 cillim'o
496 1592 730 1688 concederent,
742 1589 986 1675 bibliothecam
1004 1592 1207 1704 adeundise
1224 1592 1363 1674 concites
1373 1589 1606 1700 benigniffitne
1616 1593 1834 1702 praeberent,
1847 1611 1883 1674 et

351 1714 488 1798 demunt
498 1713 697 1822 catalogum
707 1714 997 1825 qualitercunque
1005 1717 1200 1825 confilium
1198 1713 1281 1822 suis
1291 1713 1447 1824 impeefis
1455 1713 1548 1822 typis
1558 1713 1881 1804 mandarivellent.

352 1835 423 1920 Ad
430 1834 560 1918 codices
563 1835 751 1944 saxonicos
768 1834 861 1944 quod
865 1837 1012 1934 attinet,
1031 1839 1180 1946 lingna,
1200 1835 1241 1916 in
1259 1864 1332 1945 qua
1347 1852 1561 1928 exarantur,
1570 1834 1716 1944 prorsus
1729 1836 1880 1942 ignaras

351 1956 556 2039 Wanteiun
574 1953 702 2068 ubique
715 1955 860 2066 stcntus
871 1951 976 2067 steni3
1016 1947 1455 2072 eorundemque1notitianc
1474 1955 1783 2064 enloenpletcffimo
1807 1957 1882 2062 ejus

352 2077 511 2188 catalogo
529 2077 703 2188 destcmpst.
760 2081 854 2160 Hac
859 2078 964 2189 fiant,
996 2111 1076 2195 qua
1094 2083 1135 2164 in
1152 2075 1214 2160 hoc
1231 2077 1388 2186 catologo
1405 2075 1573 2158 condendo
1585 2078 1756 2187 perficere
1773 2109 1880 2162 cona·

353 2218 412 2282 Μ
417 2199 518 2311 sum,
529 2197 706 2279 labvrt'bus
717 2200 803 2279 meis
807 2199 975 2306 fruatur
988 2205 1124 2290 amicus
1133 2199 1253 2296 ledor,
1273 2217 1400 2280 errata
1411 2199 1504 2278 mihi
1520 2198 1695 2295 condonet,
1708 2217 1743 2278 et
1747 2203 1879 2310 sphal-

352 2337 453 2403 enata
470 2319 736 2433 typographica,
764 2349 846 2430 quae
869 2349 914 2402 ex
940 2321 1100 2440 abftntia
1124 2351 1203 2405 mco
1218 2350 1245 2404 a
1264 2321 1380 2430 proclo
1396 2320 1439 2402 in
1458 2348 1627 2428 magnum
1644 2343 1897 2412 accreverunt„-

353 2451 545 2526 numerunc'
554 2441 709 2553 ignoscat
725 2457 761 2524 et
777 2442 953 2552 corrigat.
