5054 6256
356 893 361 900 ι
514 757 612 885 176
1207 669 1418 852 '0111111

631 943 705 1042 dit,
735 961 776 1026 et
798 945 984 1028 hortatur
1011 944 1127 1026 utin
1154 941 1320 1056 pristina
1347 939 1549 1053 religionis
1565 941 1706 1030 'forma
1731 946 1926 1059 perstent:
1960 949 2052 1031 data

634 1067 810 1164 Bruxeili
835 1067 991 1149 11081.
1019 1094 1136 1174 1544,
1158 1085 1200 1177 p.
1225 1067 1285 1148 18.

560 1191 604 1272 28.
634 1187 811 1298 Epistola
831 1187 973 1300 scripta
997 1217 1123 1270 manu
1150 1185 1311 1298 propria
1330 1185 1554 1278 serenissimi
1578 1189 1679 1299 regis
1701 1190 1888 1274 Edwardi
1906 1196 1978 1276 VI.
2003 1194 2054 1274 ad

634 1309 842 1392 dominam
859 1309 1120 1392 Katherinam
1139 1309 1316 1418 reginam
1335 1306 1511 1394 reliEiam
1525 1310 1627 1430 regis
1643 1311 1809 1396 Herttici
1825 1314 1937 1398 1111.
1965 1316 2057 1398 data

639 1461 691 1540 30
706 1430 821 1527 Maii,
844 1450 886 1539 p.
910 1461 971 1538 19.

565 1585 607 1664 v9.
636 1557 771 1635 Lettre
788 1555 948 1634 d’Anna
966 1553 1014 1633 de
1033 1551 1219 1634 Bouillan
1239 1580 1263 1634 a
1281 1551 1350 1634 son
1368 1577 1473 1664 perc,
1497 1570 1538 1662 p.
1558 1579 1621 1636 21.

573 1705 635 1756 10.
663 1673 850 1778 Ejusdem
868 1673 1040 1783 epistolae
1060 1671 1182 1754 versio
1199 1673 1358 1756 Latina.

573 1823 636 1878 11.
667 1792 844 1904 Epistola
862 1794 1071 1876 Cranmeri
1094 1792 1374 1906 archiepiscopi
1392 1799 1586 1876 Cantuar.
1614 1795 1663 1876 ad
1683 1795 1913 1888 Matrinum
1932 1802 2058 1880 Buce-

666 1941 773 2012 rum,
802 1915 845 1998 in
872 1944 954 2026 qua
970 1915 1198 1998 consolatur
1214 1941 1308 1999 eum
1336 1917 1385 1998 de
1413 1933 1544 2002 morte
1562 1917 1675 2026 Fagii
1693 1935 1734 1998 et
1751 1917 1846 2000 dicit
1866 1918 1902 2000 se
1921 1918 2059 2002 mistffe

666 2035 775 2118 xxvii
789 2037 857 2120 lib.
877 2039 1006 2119 viduae
1021 2037 1133 2144 Fagii
1150 2036 1364 2134 solvendas,
1387 2039 1481 2118 data
1495 2037 1709 2120 Lambethi
1725 2039 1799 2119 ult.
1815 2043 1922 2122 Nov.
1934 2057 1979 2149 p.
1993 2068 2058 2150 27.

576 2187 636 2244 12.
666 2158 844 2268 Epistola
864 2158 1054 2270 Stephani
1073 2157 1271 2240 Gardinet
1289 2158 1459 2270 episcopi
1474 2159 1663 2244 Winton.
1683 2159 1892 2242 academiae
1907 2167 2060 2243 Canta-

667 2280 870 2388 brigiensts
890 2280 1112 2362 cancellarii
1137 2281 1188 2362 ad
1209 2275 1593 2361 vice-cancellarium
1612 2297 1652 2362 ct
1672 2299 1822 2362 coetum
1852 2282 2059 2390 magistro·

667 2427 760 2482 rum
785 2401 1009 2510 regentium
1029 2418 1069 2483 et
1089 2429 1173 2484 non
1194 2400 1442 2509 regentium
1472 2399 1517 2482 in
1535 2429 1616 2510 qua
1640 2400 1811 2510 graviter
1837 2401 1989 2484 invehit
2017 2402 2061 2484 in

669 2550 736 2603 eos
757 2522 828 2630 qui
846 2521 971 2635 spreta
992 2521 1062 2606 sua
1081 2523 1295 2605 autoritate
1314 2521 1525 2632 antiquam
1545 2525 1697 2606 Graecae
1719 2523 2064 2633 pronuntiationis

668 2671 856 2726 normam
875 2673 960 2726 nou
979 2645 1198 2742 observant,
1224 2661 1265 2727 et
1284 2645 1332 2726 de
1349 2643 1697 2760 tragcediaeoram
1714 2643 1769 2727 eis
1789 2643 1946 2758 publice
1966 2643 2066 2729 reci-

569 2783 571 2789 ’
669 2783 753 2847 tata
771 2757 976 2876 queritur:
1005 2767 1098 2850 data
1118 2768 1291 2850 London
1316 2763 1361 2847 18
1377 2765 1495 2864 Maii,
1517 2785 1559 2877 p.
1578 2794 1644 2876 29.

579 2915 640 2994 13.
670 2891 805 2971 Letter
824 2887 932 2972 from
953 2889 1063 2995 John
1079 2890 1187 3000 Skyp
1204 2889 1346 2999 biihop
1362 2886 1413 2968 of
1429 2887 1627 2971 Hereford
1648 2905 1691 2970 to
1709 2891 1783 2970 Dr.
1798 2888 1946 2972 Pariter
1961 2888 2064 2972 dean

671 3005 720 3089 of
743 3010 876 3107 stoke,
906 3011 1166 3119 acquainting
1193 2997 1279 3092 him
1307 2998 1398 3090 that
1421 3025 1585 3089 matters
1612 3037 1666 3116 go
1688 3035 1743 3089 on
1769 3005 1904 3120 ssowly
1923 3006 1967 3090 in
1995 3009 2064 3092 the

671 3123 958 3214 convocation:
988 3132 1106 3218 dated
1125 3130 1293 3212 Westm.
1312 3132 1413 3236 May
1434 3153 1495 3226 11,
1517 3146 1560 3238 p.
1580 3131 1645 3236 36.

577 3279 639 3356 14.
668 3255 803 3334 Letter
818 3251 925 3335 from
941 3254 1132 3336 Edmund
1148 3257 1308 3332 Bonner
1326 3246 1466 3359 biihop
1484 3247 1532 3331 of
1547 3249 1721 3332 London
1738 3265 1783 3331 to
1795 3293 1977 3348 --,
1997 3250 2065 3331 de-

671 3368 793 3480 firing
809 3373 896 3455 him
911 3393 955 3454 to
970 3375 1111 3456 exhort
1125 3371 1193 3452 the
1212 3371 1406 3454 membets
1421 3367 1471 3452 of
1485 3371 1552 3453 the
1567 3369 1780 3482 universtty
1796 3388 1839 3452 to
1855 3371 1946 3452 take
1963 3370 2067 3453 their

670 3509 787 3574 turns
808 3494 851 3575 in
872 3493 1087 3604 preaching
1104 3513 1144 3578 at
1165 3498 1220 3574 St.
1234 3483 1363 3612 Pau'l'a
1384 3491 1501 3588 croso,
1530 3492 1648 3572 dated
1669 3492 1761 3576 Οᾶ.
1780 3523 1818 3600 9,
1843 3511 1884 3601 p.
1904 3520 1969 3602 37.

508 3717 513 3724 Ι
579 3639 643 3722 15.
672 3615 849 3725 Epistola
868 3614 1056 3722 Hugonis
1071 3612 1263 3697 Latimeri
1282 3615 1333 3694 ad
1346 3613 1551 3698 doctorem
1568 3617 1700 3696 Green
1718 3612 2067 3723 gymnistarcham,

673 3736 717 3818 in
735 3763 817 3846 qua
836 3754 925 3818 orat
943 3754 991 3818 ut
1010 3737 1194 3846 magister
1210 3733 1430 3844 Wynfylde
1447 3735 1492 3818 in
1514 3737 1650 3817 locum
1670 3731 1844 3818 Lufvelli
1860 3733 2065 3818 succedat:

672 3859 765 3938 data
788 3857 1084 3970 Kymboitaniae
1106 3857 1290 3968 postridie
1309 3856 1509 3954 Edwardi,
1534 3875 1575 3966 p.
1590 3888 1657 3962 40.

508 4089 514 4098 Ι
581 3981 644 4061 16.
673 3979 851 4088 Epistola
871 3979 1032 4062 loannis
1054 3979 1183 4063 Chcki
1206 3981 1256 4062 ad
1274 3978 1503 4062 Martinum
1524 3983 1723 4061 Bucerum
1747 3975 1791 4060 in
1818 4007 1899 4088 qua
1927 3996 2067 4088 gratu-

671 4102 778 4183 latur
807 4101 841 4183 ei
872 4103 982 4210 quod
1012 4100 1279 4182 valetudinem
1307 4099 1575 4210 recuperaffet,
1606 4117 1646 4180 et
1675 4099 1772 4182 dicit
1804 4099 1840 4184 se
1869 4103 2069 4184 continuo

673 4221 1011 4334 archiepiscopum
1031 4221 1195 4318 hortari,
1216 4238 1264 4304 ut
1280 4221 1451 4304 Sleidani
1473 4220 1509 4303 se
1527 4221 1704 4304 sedulum
1727 4239 1945 4332 patronum
1965 4253 2070 4336 prae-

669 4343 789 4424 beat:
818 4343 911 4426 data
930 4341 1118 4427 Grenvici
1143 4372 1185 4423 11
1206 4343 1322 4440 Maii,
1350 4369 1397 4452 15
1403 4369 1467 4454 5ο,
1490 4361 1531 4450 p.
1548 4361 1625 4448 41.Ι

512 4456 517 4465 ’
580 4490 645 4574 17.
673 4463 851 4575 Epistola
871 4465 1032 4546 Ricardi
1051 4455 1324 4574 Moryiini‘ad
1341 4452 1514 4548 eundem
1542 4465 1590 4544 de
1612 4463 1717 4545 statu
1745 4491 1880 4547 rerum
1902 4461 1945 4546 in
1964 4468 2069 4546 Ger·

674 4585 833 4672 mania:
862 4587 957 4666 data
973 4615 1021 4668 ex
1040 4585 1189 4668 aedibus
1206 4583 1363 4668 duciisae
1382 4578 1594 4681 Suffolciae‚
1618 4604 1660 4695 p.
1677 4614 1745 4694 43.

584 4707 645 4790 18.
672 4707 851 4821 Epistola
880 4705 1050 4792 Martini
1079 4707 1219 4792 Buceri
1251 4707 1302 4791 ad
1334 4709 1527 4789 Ioannem
1556 4706 1767 4790 Chekum:
1801 4750 1859 4770 -
1878 4701 2006 4788 mittit
2034 4706 2071 4789 ei

1482 4857 1488 4864 ·
1948 4826 2070 4910 libros

1021 5149 1091 5236 aa]
1108 5149 1177 5221 Vide
1190 5147 1281 5216 CVI.
1297 5169 1350 5238 57.
1376 5152 1445 5240 158.
1461 5151 1568 5237 etseq.
