4980 6264
472 763 530 857 52
1157 739 1386 840 LXXIX.

525 947 548 1003 a
554 949 590 1030 5.
621 925 835 1006 Decretum
856 926 966 1036 quod
983 927 1109 1040 clerus
1128 943 1168 1010 et
1192 925 1365 1038 populus
1385 921 1542 1010 firmare
1566 929 1681 1014 debet
1702 929 1750 1013 de
1765 931 1890 1016 clcslo
1907 934 2008 1048 epis·

619 1071 722 1154 copo
741 1045 955 1128 secundum
976 1049 1143 1130 modum
1162 1048 1446 1156 Anglicanum,
1461 1051 1536 1156 fol.
1557 1078 1624 1155 42.

526 1166 589 1246 26.
620 1165 875 1249 Examinatio
902 1185 942 1249 ct
970 1167 1223 1252 confirmatio
1249 1164 1465 1250 electorum
1492 1169 1537 1254 in
1564 1170 1765 1285 episcopos
1792 1173 2007 1262 secundum

619 1288 786 1370 modum
806 1289 1090 1398 Anglicanum,
1107 1293 1181 1400 [11.
1200 1321 1267 1400 45.

525 1433 590 1514 27.
619 1408 873 1492 Consecratio
892 1409 1093 1520 pontificis
1112 1411 1327 1498 secundum
1347 1419 1515 1500 modum
1535 1415 1820 1524 Anglicanum,
1834 1419 1909 1527 sol.
1931 1446 1997 1528 45.

526 1527 590 1608 28.
620 1529 738 1610 Missa
755 1529 925 1642 episcopi
944 1559 1018 1642 pro
1035 1531 1157 1642 seipso
1177 1534 1220 1614 in
1238 1534 1301 1618 die
1320 1533 1636 1631 consecrationis,
1652 1539 1727 1644 fid.
1750 1567 1814 1646 51.

524 1675 589 1756 29·
619 1651 875 1733 Cathedratio
906 1652 1077 1764 episcopi
1109 1653 1322 1742 consecrati
1357 1687 1452 1744 cum
1489 1657 1539 1738 ad
1572 1656 1700 1742 sedem
1735 1657 1919 1771 episcopii
1950 1657 2009 1744 sui

617 1771 781 1870 venerit,
797 1773 871 1884 sol.
895 1801 961 1884 52.

530 1921 595 2002 30.
626 1894 792 1978 Abbatis
813 1895 1047 1996 benedislio,
1076 1901 1163 1986 ibid.

525 2045 590 2126 51.
619 2018 837 2102 Installatio
857 2019 1009 2104 abbatis
1028 2023 1091 2104 vel
1111 2023 1320 2124 abbatissae,
1335 2029 1410 2138 [11.
1433 2029 1497 2139 56.

525 2167 591 2248 32.
620 2139 832 2225 Abbatissae
851 2141 1087 2240 benedictio,
1103 2145 1177 2255 [11.
1201 2175 1266 2258 57.

507 2289 590 2371 55.
620 2262 835 2372 Virginum
854 2263 1217 2350 sanctimonialium
1236 2268 1488 2368 consecratio,
1503 2269 1578 2381 [11.
1597 2273 1667 2354 66.

525 2413 590 2494 54.
619 2384 807 2468 Proscffio
826 2385 1188 2473 sanctimonialium
1209 2415 1293 2473 non
1310 2390 1527 2502 virginum,
1542 2393 1618 2503 fol.
1638 2389 1704 2474 68.

527 2535 592 2616 55.
620 2507 847 2591 Viduatum
865 2507 1101 2607 benedictio,
1116 2513 1191 2622 [11.
1211 2539 1279 2622 70.

526 2629 592 2736 36.
622 2631 733 2712 Ordo
751 2631 801 2712 ad
819 2631 1101 2712 recludendum
1121 2631 1330 2730 reclusum,
1345 2635 1421 2744 [11.
1440 2659 1508 2744 72.
1896 2725 1900 2733 ,

525 2777 591 2859 57.
619 2749 774 2859 Ejettio
791 2750 1057 2862 penitentium
1075 2749 1173 2835 seria
1191 2771 1334 2863 quarta
1350 2755 1395 2837 in
1414 2754 1543 2866 capite
1558 2751 1713 2860 jejunii,
1727 2752 1803 2862 [11.
1823 2755 1895 2862 74.

526 2873 590 2980 38.
620 2871 907 2955 Reconciliatio
927 2871 1194 2984 penitentium
1212 2893 1253 2958 ct
1271 2891 1407 2958 totum
1427 2876 1515 2986 post
1531 2872 1707 2958 officium
1730 2873 1774 2956 in
1791 2899 1905 2955 coena
1918 2877 2006 2956 Do·

617 2991 733 3089 mini,
780 2995 824 3075 ol.
874 2995 911 3076 8.

525 3141 589 3223 39.
619 3115 731 3196 O‘rdo
748 2994 800 3197 dil
817 3021 1154 3202 re7couciliandum
1171 3117 1392 3231 apostatam
1409 3143 1434 3199 a
1451 3115 1645 3226 judaismo
1664 3113 1786 3198 heresi
1800 3115 1862 3196 vel
1879 3115 2009 3224 genti-

618 3236 730 3322 litate
748 3237 897 3326 reven'o
916 3239 977 3322 vel
993 3238 1064 3326 diu
1082 3239 1126 3324 in
1144 3239 1337 3326 sententia
1353 3235 1776 3324 excommunicationis
1795 3236 2007 3336 obstinato,

605 3359 681 3469 [11.
702 3360 769 3469 98.

522 3512 590 3588 40.
620 3482 732 3564 Ordo
750 3481 921 3591 qualiter
937 3483 988 3566 ab
1006 3481 1188 3596 episcopo
1205 3480 1377 3594 synodus
1396 3499 1551 3592 agatur,
1566 3484 1642 3593 [11.
1663 3511 1732 3592 99.

523 3631 590 3708 41.
621 3603 733 3684 Ordo
758 3601 974 3688 secundum
1004 3631 1126 3716 quem
1155 3632 1223 3689 rex
1250 3606 1366 3690 debet
1393 3603 1577 3688 coronari
1606 3602 1754 3717 pariter
1782 3617 1822 3685 et
1849 3601 2007 3712 inungi,

606 3724 681 3834 [11.
710 3753 797 3810 102.

524 3871 592 3950 42.
620 3845 840 3929 Coronatio
860 3845 1017 3956 reginae,
1033 3849 1108 3960 [11.
1134 3877 1222 3957 124.

524 3995 592 4076 43.
622 3967 733 4052 Ordo
752 3972 948 4054 Romana
965 3969 1129 4054 ecclesrae
1149 3973 1199 4054 ad
1218 3969 1523 4058 benedicendam
1543 3967 1756 4067 ecclesram,
1770 3970 1845 4080 [11.
1873 3993 1961 4078 127.

523 4115 591 4196 44.
621 4089 872 4174 Consecratio
890 4089 1080 4174 cimeterii
1099 4119 1228 4201 quum
1249 4093 1405 4176 ecclesra
1424 4121 1510 4176 non
1527 4090 1742 4187 dedicatur,
1757 4091 1832 4199 [11.
1858 4115 1948 4198 155.

525 4237 591 4319 45.
622 4210 830 4298 Dedicatio
849 4211 981 4296 altaris
999 4211 1264 4312 solummodo,
1280 4217 1355 4325 [11.
1383 4213 1471 4321 158.

523 4337 591 4438 46.
622 4333 733 4414 Ordo
743 4334 792 4416 de
802 4332 1092 4416 consecratione
1102 4336 1250 4417 tabulae
1263 4333 1468 4445 portabilis
1481 4359 1592 4414 more
1603 4328 1825 4430 Gallicano,
1826 4331 1901 4442 fol.
1920 4329 2009 4414 168.

524 4482 593 4572 47.
622 4451 850 4538 Benedistio
869 4453 956 4538 salis
974 4471 1014 4537 et
1033 4481 1161 4566 aquae,
1180 4453 1322 4539 cineris
1342 4451 1496 4550 etvini,
1512 4454 1587 4564 [11.
1614 4457 1704 4562 169.

525 4577 592 4681 48.
623 4573 850 4661 8611618ἃὶ1
880 4573 1021 4687 lapidis
1051 4575 1244 4660 itinerarii
1272 4575 1490 4658 secundum
1518 4575 1687 4658 modum
1717 4577 1913 4658 Romanae
1943 4597 2009 4655 ec-

619 4695 754 4795 clena,
769 4699 844 4806 sol.
872 4724 885 4778 1
950 4759 960 4779 .

525 4843 593 4924 49.
623 4726 1093 4901 Reconciliatiriicclesrae
1110 4818 1267 4902 violatae
1284 4819 1347 4900 vel
1365 4814 1561 4918 cimiterii,
1576 4819 1651 4929 [11.
1679 4820 1767 4928 176.

526 4968 591 5052 50.
622 4939 733 5022 Ordo
752 4939 803 5025 ad
822 4937 1085 5026 benedicenda
1111 4938 1335 5050 parimenta
1363 4937 1609 5051 pontificalia
1625 4937 1702 5024 five
1727 4936 1916 5024 baculum
1935 4935 2011 5022 srvc

619 5057 835 5148 cirothecas
854 5077 925 5146 aut
942 5086 1193 5174 quaecunque
1212 5059 1301 5162 alia,
1317 5061 1392 5176 [11.
1417 5061 1506 5148 182.

1790 5209 1855 5295 51.
1883 5181 2011 5270 Bene·
