5054 6256
1127 767 1300 862 CLVI.
1889 811 1894 820 ·
1922 795 2017 890 227

503 997 507 1004 ·
533 985 573 1042 2.
603 955 719 1038 Bulla
737 952 851 1038 Pauli
869 976 981 1064 papae
1008 975 1051 1033 11
1076 953 1124 1033 de
1142 953 1387 1036 observantia
1400 949 1554 1033 dierum
1572 949 1762 1032 festorum
1781 952 1861 1032 dat.
1885 954 2002 1060 1467.

532 1111 572 1191 3.
602 1079 719 1161 Bulla
736 1075 907 1183 ejusdem
929 1099 1042 1186 papae
1061 1071 1302 1157 denuntians
1333 1073 1565 1156 sententiam
1591 1071 2017 1156 excommunicationis

603 1217 745 1281 contra
757 1225 896 1278 omnes
915 1197 1105 1278 hereticos
1123 1202 1198 1278 &c
1220 1199 1300 1278 dat.
1317 1197 1396 1278 kal.
1417 1203 1516 1307 Apr.
1543 1197 1660 1304 1467.

378 1371 382 1378 -
533 1353 574 1430 4.
603 1320 747 1403 Versus
765 1319 945 1402 Hubaldi
961 1319 1010 1406 de
1025 1319 1141 1398 laude
1156 1319 1374 1402 calvorum.
1409 1389 1417 1407 .

302 1439 306 1446 ’
463 1519 472 1536 ,
535 1473 574 1553 5.
604 1441 809 1554 Expositio
828 1441 973 1549 regulae
990 1444 1027 1520 8.
1049 1439 1251 1522 Benedidti
1269 1443 1316 1522 de
1334 1439 1490 1550 peculio
1510 1439 1816 1520 monachorum.

532 1567 573 1648 6.
599 1571 736 1646 Sermo
762 1563 895 1644 fratris
924 1562 1119 1644 Francisci
1136 1564 1184 1643 de
1205 1561 1387 1644 Maronis
1413 1563 1461 1641 de
1484 1558 1742 1666 indulgentiis
1763 1561 1805 1642 in
1827 1559 2019 1671 presentia

588 1687 642 1768 D.
662 1713 776 1796 papae
796 1701 836 1766 et
850 1683 1113 1767 cardinalium
1132 1699 1311 1794 tempore
1329 1681 1683 1792 indulgentiarum.

414 1883 419 1890 .
533 1838 572 1920 7
602 1812 848 1916 Excerptum
873 1835 920 1887 ex
944 1807 1048 1888 libro
1065 1805 1225 1888 Ricardi
1244 1805 1448 1915 Radulphi
1470 1804 1600 1913 [Fitz-
1603 1803 1756 1914 Ralph]
1774 1804 1822 1886 de
1847 1805 2020 1942 questio·

588 1929 707 2010 nibus
724 1933 995 2010 Armenorum
1012 1926 1153 2008 Lib.
1118 1925 1199 2008 inii.
1217 1952 1303 2038 cap.
1327 1959 1374 2032 19
1394 1929 1441 2016 de
1460 1925 1730 2034 indulgentiis.

534 2053 572 2132 8.
602 2048 1047 2132 Sententravenerab1l1s
1061 2048 1234 2131 dodtoris
1251 2049 1411 2134 Ricardi
1431 2046 1667 2159 Fylschakyr
1690 2048 1737 2129 de
1761 2037 2019 2158 indulgentiis

602 2171 717 2282 super
735 2187 853 2276 4tum
871 2171 1020 2254 librum
1045 2169 1330 2255 sententiarum
1349 2169 1436 2254 dist.
1454 2197 1523 2280 45.

515 2351 519 2356 -
536 2325 574 2402 9.
603 2292 823 2376 Pan'srensis
842 2294 890 2375 de
908 2294 1044 2376 eadem
1061 2321 1115 2376 re.

538 2445 602 2496 10.
631 2413 808 2497 Libellus
826 2414 1058 2498 venerabilis
1072 2415 1231 2500 Ricardi
1242 2417 1291 2498 de
1306 2413 1451 2499 Sandto
1463 2414 1625 2497 Vidtore
1636 2415 1684 2496 de
1694 2415 1885 2525 potestate
1898 2413 2022 2496 clavi*

497 2533 504 2542 ’
633 2563 706 2616 um
721 2535 1033 2619 sacerdotalium

542 2683 603 2737 11.
634 2657 801 2764 Qaestio
826 2655 996 2738 decima·
981 2675 1144 2768 -cluarta
1170 2657 1377 2769 quodlibet
1412 2661 1524 2766 Mag.
1552 2654 1717 2739 Henrici
1752 2657 1800 2737 de
1827 2656 2021 2738 Gandavo

635 2780 684 2858 de
701 2775 972 2886 indulgemus
1160 2807 1168 2812 ·

541 2927 604 2981 12.
634 2899 784 2980 Utrum
804 2899 975 3010 principi
992 2881 1242 2984 terrenorum
1262 2899 1468 2986 necessaria
1481 2899 1528 2982 s1t
1546 2897 1686 3012 peritia
1701 2898 1922 2981 literarum.

474 3037 477 3044 “
543 3049 606 3128 13.
636 3019 842 3104 Notabilia
857 3021 1030 3104 doctoris
1048 3019 1202 3106 subtilis
1222 3023 1269 3104 de
1288 3021 1558 3131 indulgentiis

543 3169 604 3248 14.
635 3145 787 3224 Utrum
813 3141 882 3226 istc
910 3141 981 3252 qui
1012 3143 1261 3254 principatur
1287 3141 1503 3226 secundum
1532 3141 1848 3248 jurisdidtionem
1879 3141 2022 3224 utilem

638 3269 837 3374 tanquam'
855 3265 1073 3348 monarcha
1097 3265 1237 3349 debeat
1263 3265 1420 3370 dejure
1445 3265 1620 3346 naturali
1647 3259 1843 3370 subjacere
1869 3263 1927 3346 illi
1951 3261 2024 3373 qui

634 3381 883 3496 principatur
907 3383 1123 3470 secundum
1147 3387 1439 3498 plenitudinem
1460 3385 1662 3497 potestatis
1688 3385 1732 3468 in
1753 3385 2023 3498 spiritualibus

637 3505 770 3614 quoad
784 3507 933 3604 omnia,
951 3533 1023 3618 qur
1010 3508 1182 3590 dicitur
1199 3507 1386 3592 ierarmcha

543 3651 605 3735 15.
634 3625 812 3754 Epistola
824 3625 1273 3738 incompletaMansuett
1285 3630 1570 3715 Medicamentis
1583 3627 1752 3742 episcopi
1766 3627 2022 3714 adconstan·

636 3766 717 3830 tem
738 3749 1031 3858 imperatorem.

545 3870 606 3948 16.
636 3874 699 3951 De
716 3871 908 3980 potestate
926 3869 1203 3957 confessorum.

546 4012 608 4096 17.
638 3988 701 4069 De
720 3989 978 4074 restitutione.

548 4110 609 4189 18.
640 4111 864 4195 orationes.

546 4257 609 4336 19.
640 4235 776 4313 Sermo
806 4239 858 4316 D.
887 4234 1054 4318 Roberti
1080 4234 1250 4351 episcopi
1278 4235 1464 4334 Lincoln,
1505 4247 1626 4346 quern
1649 4233 1865 4346 predicavit
1889 4261 2024 4318 coram

644 4352 752 4433 dom.
798 4357 1034 4440 Innocentio
1051 4387 1163 4470 papae
1183 4361 1235 4443 iv.
1255 4377 1294 4440 et
1309 4359 1577 4442 cardinalibus
1591 4359 1700 4469 apud
1717 4359 1979 4466 Lugdunum.

542 4496 609 4553 2ο.
638 4471 781 4555 Literae
799 4478 1025 4560 Innocentii
1053 4481 1105 4563 iv.
1124 4482 1173 4561 ad
1193 4480 1514 4563 archidiaconum
1540 4485 1658 4562 Cant.
1682 4497 1720 4561 et
1740 4475 2024 4562 Innocentium

637 4593 886 4678 colled'torem
907 4599 1051 4680 suum
1041 4624 1084 4682 rn
1105 4603 1266 4711 Anglia,
1295 4616 1343 4686 ut
1360 4619 1547 4713 nepotem
1569 4603 1683 4684 suum
1703 4599 1955 4684 Fredericum
1974 4601 2023 4682 de

640 4717 845 4798 Lavania
835 4745 878 4800 m
893 4722 1175 4805 canonicatum
1203 4721 1247 4808 in
1266 4720 1419 4807 ecclesia
1443 4723 1630 4823 Lincoln,
1662 4723 1843 4870 protime
1861 4741 2025 4805 vacatu-

641 4863 749 4936 rum,
768 4838 974 4925 inducant.

1878 4996 1943 5050 21.
1974 4974 2055 5051 Re.-

487 5091 2028 5173 ———-‘——-.--.--2--....-.

544 5213 596 5300 b]
612 5216 681 5286 Vide
694 5218 801 5290 cvlt.
820 5243 850 5312 5.
868 5225 953 5296 CLI.
970 5229 1002 5298 6.

1192 5315 1272 5402 Η
1288 5341 1322 5402 2-
