4994 6264
490 769 593 858 424-
1086 727 1497 826 cccclxxvi..

542 947 580 1000 a·
610 915 787 998 Annales
809 910 967 1022 Angliae
987 939 1009 994 a
1030 931 1160 996 morte
1180 909 1367 996 Edwardi
1385 907 1615 997 'confelloris
1634 912 1684 994 ad
1704 925 1858 996 annum
1881 939 1998 1022 1174.

541 1067 580 1146 3.
610 1032 837 1116 Prosecutio
857 1032 964 1116 faeta
992 1048 1176 1144 tempore
1203 1031 1361 1114 domini
1381 1031 1574 1114 Iohannis
1600 1033 1649 1116 de
1669 1033 1848 1118 Gisortio
1869 1033 2030 1140 majoris

605 1155 780 1237 London
803 1163 874 1264 per
893 1155 1115 1260 Hugonem
1135 1155 1184 1234 dc
1203 1153 1416 1235 Waltham
1436 1151 1624 1234 clericum
1645 1180 1779 1236 coram
1811 1155 2031 1238 baronibus

606 1277 655 1355 de
675 1271 867 1358 scaccario
887 1273 936 1356 ad
956 1275 1257 1356 exonerandum
1273 1273 1374 1354 cives
1393 1291 1433 1356 et
1453 1270 1703 1354 vicecomites
1724 1273 1840 1358 dictae
1859 1271 2030 1356 civitatis

608 1397 657 1475 de
681 1417 710 1474 v
734 1393 877 1475 marcis
898 1393 1043 1474 annuis
1064 1391 1211 1476 establis
1242 1393 1284 1475 in
1306 1391 1402 1526 pipo
1422 1391 1527 1474 inter
1545 1437 1768 1456 -—-
1786 1395 1835 1474 de
1854 1394 2032 1502 quodam

605 1511 823 1645 melluagio
839 1511 949 1620 quod
964 1513 1048 1594 Leo
1067 1510 1209 1616 judeus
1225 1509 1357 1594 tenuit
1375 1530 1413 1592 et
1433 1511 1543 1619 quod
1561 1509 1637 1590 fuit
1654 1509 1825 1592 Martini
1840 1513 1888 1592 de
1904 1511 1976 1591 Vir
1980 1513 2030 1617 by

607 1629 651 1710 in
671 1629 903 1712 Melkstrete
918 1647 957 1710 et
975 1631 1025 1710 de
1044 1629 1328 1712 exoneratione
1351 1650 1407 1710 cc
1426 1630 1493 1710 lib.
1515 1630 1561 1708 dc
1582 1629 1811 1776 arrcaragiis
1827 1627 2029 1710 ditiorum

609 1771 640 1830 v
662 1777 903 1832 marcarum.

535 1889 576 1974 ·4.
607 1871 770 1950 Modus·
779 1887 818 1952 et
838 1871 937 1952 ordo
956 1867 1033 1950 dc
1024 1867 1165 1950 ttinere
1184 1867 1496 2003 justiciariorum
1513 1867 1670 1952 domiui
1692 1869 1792 1978 regis
1814 1869 1864 1950 ad
1886 1867 2029 1950 turrim

607 1992 797 2072 London.

604 2111 686 2192 Hic
703 2110 919 2192 habentur!
915 2138 991 2215 eges
1004 2127 1038 2190 et
1057 2109 1319 2218 coafitetudines
1333 2109 1561 2218 obstruandae
1575 2109 1681 2218 alfia
1693 2109 2031 2220 311118ἱὲ7111ιυί-

605 2248 719 2312 tatem
738 2230 779 2310 in
791 2230 945 2340 placitis
966 2233 1115 2310 coronae.

539 2375 576 2456 5.
607 2351 764 2458 Magna
785 2351 923 2432 charta
941 2347 1179 2432 confirmata
1201 2353 1338 2450 9ch
1354 2352 1426 2432 Ill.

537 2473 576 2550 6.
608 2467 811 2550 Sententia
826 2469 1254 2552 excommunicationis
1275 2471 1539 2582 pronuntiata
1559 2469 1600 2553 in
1620 2499 1686 2552 eos
1703 2470 1774 2582 qui
1794 2469 1899 2553 hanc
1914 2469 2029 2554 char·

605 2605 691 2674 tam
712 2588 961 2671 violaverint.

535 2739 575 2824 7.
606 2715 729 2794 Carta
749 2709 917 2792 Henrici
932 2713 1004 2792 ΙΙΙ.
1025 2707 1203 2793 concello
1221 2709 1371 2793 civibus
1392 2711 1568 2794 London
1589 2740 1698 2820 auno
1719 2711 1830 2818 regni
1857 2725 1908 2794 1⁰.

538 2835 576 2916 8.
605 2837 728 2916 Carta
743 2829 844 2938 regis
860 2829 1023 2912 Ioannis
1038 2834 1087 2914 de
1106 2827 1388 2914 vicecomitatu
1404 2837 1576 2918 London
1593 2853 1633 2916 et
1649 2833 1867 2918 Middlesex
1886 2835 2030 2924 eisdem

605 2949 796 3044 concessa,
817 2976 925 3030 anno
945 2975 1013 3058 rge
1016 2962 1132 3032 mr

537 3103 577 3182 9.
606 3077 728 3154 Carta
744 3069 905 3150 Ricardi
925 3069 1027 3177 regis
1048 3071 1095 3150 de
1115 3067 1418 3152 libertatibus
1385 3043 1533 3152 crvium
1556 3071 1686 3152 Lond.
1709 3099 1817 3154 anno
1834 3071 1944 3180 regui
1962 3085 2028 3181 50.

507 3221 604 3304 ,10
635 3195 759 3276 Carta
792 3187 955 3270 loannis
986 3188 1087 3298 regis
1121 3191 1170 3270 de
1203 3189 1414 3298 kydellis
1405 3219 1448 3271 tn
1480 3189 1694 3274 Tharnesra
1727 3209 1767 3274 et
1798 3193 2030 3306 Medeweya

634 3308 866 3394 amovendis
887 3335 996 3389 anuo
1017 3307 1128 3416 regni
1155 3321 1203 3390 1⁰.

543 3463 604 3516 11.
635 3438 758 3514 Carta
780 3425 947 3510 Henrici
965 3431 1035 3509 lll.
1061 3432 1171 3536 quod
1201 3429 1368 3510 barones
1389 3427 1560 3512 civitatis
1582 3429 1757 3514 London
1783 3431 1905 3541 gratis
1926 3431 2030 3518 fece-

634 3569 731 3634 runt
761 3545 964 3630 servitium
993 3549 1042 3628 de
1071 3545 1270 3629 sutellaria
1299 3547 1341 3630 in
1370 3548 1523 3660 nuptiis
1554 3549 1716 3631 Ricardi
1741 3551 1899 3634 comitis
1927 3557 2030 3638 Cor·

636 3673 771 3754 nubiae
790 3691 829 3750 et
849 3695 932 3750 non
953 3696 1001 3752 ex
1021 3667 1313 3780 aliquodebito
1332 3699 1441 3756 anno
1461 3671 1573 3780 regni
1596 3671 1677 3753 180.

542 3821 603 3878 12.
633 3795 755 3876 Carta
775 3786 883 3898 regia
902 3791 950 3871 de
970 3790 1167 3874 comitatu
1189 3789 1408 3876 Middlesex
1427 3793 1580 3878 civibus
1601 3795 1775 3876 London
1797 3796 1846 3876 ad
1867 3793 2027 3880 firmam

502 4002 505 4008 ,
635 3915 731 3996 dato
749 3937 823 4024 pro
847 3931 934 3990 ccc
955 3909 1025 3994 hb
1045 3913 1120 3993 uc.

544 4067 606 4147 13.
637 4037 760 4118 Carta
778 4027 886 4139 regia
904 4030 953 4112 de
972 4028 1222 4114 libertatibus
1242 4030 1411 4114 civitatis
1433 4034 1621 4114 London.

543 4186 605 4264 14.
634 4150 902 4263 Exceptiones
941 4178 1041 4260 quas
1078 4150 1285 4258 justiciarii
1319 4151 1622 4263 proposuerunt
1659 4127 1815 4232 civibus
1851 4155 2028 4240 London

633 4274 749 4382 super
778 4269 932 4379 placitis
959 4299 1007 4352 10
1024 4274 1133 4354 Hen
1151 4273 1224 4354 Ill.
1254 4289 1294 4352 et
1323 4269 1590 4382 responsiones
1611 4273 1830 4354 eorundem
1863 4271 2026 4386 singulis

634 4389 950 4500 exceptionibus.

542 4543 601 4625 15.
628 4509 843 4600 Ordinatio
864 4509 1095 4592 Edwardil.
1115 4527 1256 4591 contra
1277 4507 1443 4592 felonias
1467 4536 1575 4592 anno
1595 4463 1708 4616 regni
1731 4509 1811 4606 28⁰,
1841 4515 1996 4595 Gallice.

544 4641 604 4721 16.
635 4640 760 4740 Leges
792 4647 832 4712 et
869 4627 1069 4713 libertates
1105 4628 1291 4713 conceliae
1325 4657 1348 4712 a
1378 4629 1588 4713 Willelmo
1618 4632 1891 4742 Conquestore
1919 4661 2029 4716 anno

633 4785 744 4867 regni
765 4761 833 4859 4.

1525 4975 1877 5058 CCCCLXXVll.
1910 4976 2030 5058 Codex
