4980 6264
1155 643 1334 742 LXIII
1980 679 2043 776 43
2168 775 2176 792 θ

502 839 662 924 minum
688 838 923 954 pertinebat,
946 849 1037 919 orat
1055 827 1179 944 igitur
1202 849 1251 914 ut
1268 829 1418 916 diblam
1443 829 1772 944 presentationem
1799 851 2046 948 acceptantes

500 961 640 1045 omnia
663 990 754 1074 quae
778 962 924 1044 restant
942 954 1122 1040 facienda
1143 951 1311 1039 fideliter
1333 975 1595 1065 exequantur.
1613 1003 1670 1022 -
1690 957 1755 1066 (3)
1777 957 1955 1068 Epistola
1974 963 2043 1043 W.

452 1143 454 1148 -
498 1087 548 1164 de
566 1085 605 1166 la
623 1089 796 1167 Cornere
822 1109 935 1196 papae
953 1075 1147 1189 capellani
1165 1076 1215 1157 ad
1233 1073 1478 1186 suppriorem
1498 1077 1661 1162 ecclefiae
1683 1079 1829 1162 Christi
1848 1083 2041 1165 Cantuar.

498 1223 547 1286 ut
571 1205 689 1288 latori
712 1207 874 1318 plenam
894 1201 991 1284 velit
1015 1197 1198 1282 adhibere
1222 1195 1499 1280 fiduciam-
1520 1201 1585 1306 (4)
1608 1199 1813 1310 Obligatio
1837 1200 1978 1312 prioris
2002 1223 2042 1286 et

440 1403 444 1414 .
495 1327 661 1437 capituli
688 1326 854 1410 ecclesiae
883 1321 1031 1406 Christi
1061 1323 1255 1404 Cantuar.
1289 1319 1341 1400 ad
1368 1316 1600 1404 solvendum
1632 1321 1807 1406 domina:
1837 1323 2040 1410 Katerinae
2158 1335 2162 1360 '

494 1450 636 1532 Lovell
652 1451 866 1532 LXXVIII
885 1471 1038 1530 marcas
1059 1443 1109 1526 ab
1123 1441 1261 1526 eadem
1277 1439 1443 1524 domina
1461 1459 1607 1524 mutuo
1622 1459 1813 1558 acceptas,
1832 1445 1914 1528 dat.
1938 1449 2039 1532 1268

495 1567 627 1652 mense
652 1569 856 1681 aprili.-
876 1570 940 1676 (ς)
963 1563 1141 1680 Epistola
1159 1569 1210 1647 A.
1230 1561 1372 1674 prioris
1391 1581 1431 1646 et
1450 1562 1563 1646 electi
1582 1569 1702 1648 Cant.
1725 1565 1775 1648 ad
1795 1565 2040 1678 suppriorem

493 1707 534 1771 et
551 1691 776 1802 capitulum
808 1688 994 1798 ejusdem,
1029 1687 1139 1798 quod
1176 1683 1266 1767 asta
1300 1683 1416 1797 super
1452 1683 1759 1770 confirmatione
1791 1690 1955 1776 Roberti
1990 1695 2039 1776 de

493 1809 784 1926 Withampton
800 1811 915 1897 electi
934 1805 1222 1894 Sarilburiensrs
1247 1805 1309 1890 ab
1321 1807 1521 1918 aliquibus
1549 1807 1748 1894 advocatis
1766 1810 1954 1910 corresta,
1981 1814 2037 1898 eis

493 1933 769 2018 confirmanda
788 1933 975 2022 missn-
918 1936 1037 2042 -·6(
1042 1933 1057 2040 )
1013 1915 1347 2016 6confirmati0
1364 1929 1566 2013 clediionis
1585 1930 1757 2042 ejusdem
1777 1933 1943 2017 Roberti
1967 1965 2039 2048 per

492 2053 716 2166 capitulum
746 2062 940 2140 Cantuar.
972 2081 1090 2165 1270.
1116 2097 1174 2119 ·-
1195 2053 1260 2161 (7)
1285 2055 1433 2134 Forma
1466 2051 1638 2164 epistolae
1667 2053 1957 2168 supplicatorias
1991 2077 2039 2142 ut

491 2205 624 2290 proces
648 2177 750 2262 fiant
779 2172 1367 2293 p1·oanimadefunffi.--8(
1374 2175 1612 2285 )Qaedam
1637 2177 1686 2260 dc
1714 2175 1818 2260 lite
1808 2193 1914 2260 mter
1937 2177 2039 2294 epis·
2144 2187 2150 2200 '

492 2325 616 2412 copos
640 2299 905 2410 suffiaganeos
932 2316 972 2383 et
996 2295 1220 2410 capitulum
1246 2302 1440 2380 Cantuar.
1470 2297 1573 2381 circa
1598 2297 1833 2383 electionem
1858 2299 2037 2386 officialis

490 2422 612 2506 curia
628 2427 747 2509 Cant.
763 2423 847 2506 sede
859 2437 1035 2506 vacante.
1046 2465 1104 2488 ·-
1119 2418 1184 2529 (9)
1199 2417 1346 2503 Forma
1359 2417 1532 2530 epistolae
1546 2448 1570 2502 a
1583 2422 1783 2506 monacho
1798 2423 1849 2504 ad
1863 2425 2037 2534 priorem

491 2543 541 2624 de
557 2561 688 2626 morte
705 2543 837 2628 amici.
855 2591 913 2610 -
933 2543 1025 2653 (ro)
1047 2539 1373 2625 Procuratorium
1391 2539 1557 2650 capituli
1577 2547 1769 2627 Cantuar.
1786 2591 1844 2608 -
1863 2553 1957 2654 (ιι)
1978 2551 2036 2630 Ε-

378 2697 383 2708 ·
488 2663 633 2774 pistola
649 2663 834 2749 scholaris
852 2663 1057 2772 cujusdam
1077 2667 1212 2748 Oxon.
1237 2663 1288 2744 ad
1303 2663 1513 2772 ‚quendam
1538 2665 1783 2748 monachum
1810 2669 1858 2748 de
1881 2667 2037 2754 ratione

488 2785 714 2872 studiorum
733 2787 897 2871 suorum
916 2804 955 2868 et
979 2784 1065 2868 aliis
1091 2782 1274 2894 negotiis.
1293 2828 1351 2849 -
1371 2784 1463 2893 (12)
1485 2784 1662 2894 Epistola
1679 2785 1845 2899 capituli
1869 2788 2035 2876 ecclesiae

489 2913 633 2994 Sarum
651 2908 702 2990 ad
719 2907 943 3020 capitulum
961 2903 1126 2990 ecclesiae
1144 2910 1263 2989 Cant.
1281 2951 1339 2970 -
1351 2904 1498 2988 obnixe
1515 2927 1659 3016 rogant
1678 2925 1738 3006 ut,
1765 2937 1860 2992 cum
1878 2911 2034 2996 ecclesia

489 3034 633 3114 Sarum
657 3031 806 3112 multas
832 3026 939 3141 palla
962 3027 1008 3112 fit
1032 3023 1200 3134 injurias
1226 3053 1301 3138 pro
1325 3026 1542 3110 reverentia
1565 3057 1688 3140 quam
1714 3048 1894 3144 ternpore
1918 3059 2033 3116 vaca-

488 3151 611 3236 tionis
642 3151 824 3235 exhibuit
856 3149 1020 3234 ecclcstae
1051 3152 1170 3232 Cant.
1203 3176 1290 3232 non
1324 3165 1471 3258 negent
1503 3151 1719 3240 micionem
1755 3155 2033 3265 appellationis

487 3294 653 3388 propter
667 3274 836 3384 alicujus
853 3271 972 3356 curiae
987 3273 1049 3354 vel
1063 3266 1222 3354 curialis
1239 3271 1474 3383 potentiam.
1490 3315 1548 3336 -
1566 3281 1581 3384 (
1591 3303 1605 3356 ι
1615 3281 1658 3384 3)
1676 3273 1854 3386 Epistola
1868 3277 2034 3387 capituli
2070 3267 2074 3274 ’

488 3402 609 3481 Cant.
634 3397 684 3479 ad
708 3396 847 3480 omnia
870 3393 1108 3480 monasteria
1125 3391 1276 3477 ordinis
1302 3397 1340 3476 S.
1359 3392 1562 3476 Benedicti
1579 3397 1627 3478 de
1651 3395 1720 3479 lite
1738 3416 1827 3480 orta
1844 3397 2032 3515 intereos

488 3536 531 3600 et
552 3509 892 3631 archiepiscopum
909 3517 1038 3602 fuum.
1057 3561 1114 3582 -·
1134 3515 1227 3625 (14)
1251 3514 1431 3600 Donatio
1448 3543 1593 3598 annuae
1616 3517 1814 3628 pensionis
1835 3549 1861 3602 x
1879 3509 2031 3606 marca-

436 3715 439 3721 ,
487 3667 582 3724 rum
600 3638 707 3724 fadla
725 3640 914 3760 magistro
932 3643 1002 3722 W.
1021 3639 1069 3722 de
1088 3639 1127 3720 la
1144 3641 1319 3722 Cornere
1336 3665 1408 3746 per
1422 3637 1648 3751 capitulum
1666 3643 1785 3724 Cant.

492 3813 494 3818 -
545 3790 612 3846 21.
641 3741 837 3872 Epistola
846 3765 943 3846 CIII
963 3757 1152 3844 bernardi
1170 3759 1489 3843 Claraevallensrs.

545 3911 611 3967 22.
641 3885 856 3993 Speculum
874 3884 1063 3966 humanae
1081 3878 1319 3978 salvationis
1341 3855 1513 3964 versibus
1533 3881 1688 3968 Latinis
1707 3883 1927 4000 rythmicis.

545 4033 611 4118 23.
640 4008 785 4087 Seneca
802 4006 850 4087 dc
870 4021 1047 4116 quatuor
1065 3999 1282 4088 virtutibus
1300 4001 1579 4088 cardinalibus.

545 4152 611 4234 24.
641 4128 751 4214 Idem
769 4127 817 4210 de
835 4143 1067 4239 paupertate
1085 4125 1261 4210 honesta.

544 4277 567 4332 2
572 4276 610 4360 5.
639 4248 781 4362 Brevis
802 4268 842 4334 et
873 4247 1002 4334 valida
1032 4245 1239 4334 meditatio
1270 4245 1319 4330 de
1350 4246 1549 4332 beneficiis
1580 4247 1657 4334 Dei
1693 4245 1866 4362 ejusdem
1895 4259 2027 4338 Bona-

638 4387 830 4456 mm
1141 4491 1373 4616 cxlv.

539 4665 655 4750 Codex
671 4664 951 4750 membranaceus
967 4661 1122 4774 infolio,
1128 4655 1246 4773 seculo
1262 4661 1497 4776 xvscrrptus,
1517 4665 1558 4747 in
1575 4693 1640 4776 quo
1656 4664 1869 4763 continetur,
1991 4747 2000 4766 ,

1871 4785 2032 4872 Veritae

835 5071 976 5162 thv.]
992 5071 1044 5144 Va
1058 5076 1125 5142 Cat.
1140 5073 1186 5142 N.
1206 5097 1246 5251 1F
1250 5073 1348 5144 MSS.
1365 5074 1452 5160 Angl-
1471 5072 1660 5164 1443—166

1267 5193 1291 5250 2
