4980 6264
1053 773 1334 868 XXXVIII.
1897 871 1902 882 ,
1931 806 1955 868 2
1962 806 1988 899 5

519 993 578 1050 12.
609 960 731 1046 Casus
751 961 793 1046 in
815 959 962 1072 quibus
981 965 1090 1074 Papa
1108 961 1325 1074 dispensare
1344 987 1428 1042 non
1446 959 1585 1072 potest,
1603 963 1677 1070 fol.
1699 964 1764 1067 64.

519 1119 580 1198 13.
610 1086 732 1169 Casus
752 1086 794 1168 in
815 1085 962 1195 quibus
981 1082 1085 1166 solus
1105 1089 1214 1194 Papa
1233 1083 1449 1192 dispensare
1469 1085 1609 1194 potest,
1630 1085 1719 1166 ibid.

475 1251 481 1279 τ
514 1241 575 1316 14.
606 1207 821 1292 Trauatus
841 1210 888 1290 de
908 1203 1261 1316 dispensationibus
1281 1206 1569 1314 episcoporum,
1586 1206 1659 1314 fel.
1681 1209 1747 1313 69.

519 1363 533 1415 1
543 1360 580 1442 5.
610 1330 732 1412 Casus
751 1329 795 1412 in
814 1327 960 1438 quibus
980 1325 1185 1438 episcopus
1205 1355 1289 1408 non
1308 1325 1513 1436 dispensat,
1529 1328 1604 1435 fol.
1625 1355 1692 1437 71.

518 1459 578 1538 16.
609 1451 826 1534 Tradimus
837 1451 885 1532 de
894 1447 1248 1558 dispensationibus
1264 1450 1487 1556 legatorum
1499 1447 1594 1530 sedis
1607 1446 1841 1557 apostolicae,
1844 1449 1918 1558 fol.
1933 1475 1956 1559 7
1962 1476 1998 1556 3.

516 1603 579 1685 17.
609 1571 714 1680 Qis
733 1571 780 1656 fit
798 1574 951 1680 legatus
971 1570 1127 1681 etquid
1147 1571 1197 1652 ad
1216 1569 1394 1652 officium
1412 1569 1532 1677 legati
1551 1568 1736 1679 pertinet,
1757 1569 1845 1652 ibid.

517 1698 578 1780 18.
608 1699 671 1778 De
690 1692 1043 1804 dispensationibus
1062 1692 1379 1804 patriarcharum
1399 1709 1438 1773 et
1457 1689 1692 1802 primatum,
1708 1691 1782 1800 fel.
1805 1719 1830 1800 7
1834 1718 1871 1800 5.

516 1847 579 1928 19.
607 1820 671 1899 De
689 1813 974 1925 dispensatione
992 1815 1197 1912 abbatum,
1219 1816 1308 1898 ibid.

512 1968 578 2024 20.
608 1941 671 2020 De
690 1935 834 2020 effedtu
852 1935 1163 2047 dispensationis,
1179 1937 1253 2046 fol.
1274 1941 1339 2048 76.

512 2089 579 2146 21.
606 2065 685 2144 Pro
701 2059 847 2168 quibus
860 2057 987 2169 culpis
1002 2057 1050 2140 s1t
1064 2057 1246 2168 penitens
1259 2061 1307 2142 ad
1323 2056 1550 2170 episcopum
1565 2056 1840 2155 remittendus,
1845 2058 1918 2170 sol.
1934 2083 2000 2168 77.

511 2211 578 2268 22.
608 2179 824 2264 Tratlatus
844 2182 893 2262 de
911 2178 1139 2291 penitentiis
1158 2197 1198 2262 et
1217 2179 1521 2281 remiffionibus,
1535 2185 1610 2293 fol.
1632 2181 1699 2293 78.

512 2334 578 2414 23.
607 2307 789 2386 Aureum
810 2301 1040 2386 memoriale
1058 2301 1336 2400 consessorum,
1353 2304 1427 2410 fol.
1449 2305 1513 2388 80.

512 2455 577 2533 24.
607 2424 882 2535 Exposrtiones
905 2423 1161 2535 quorundam
1179 2427 1407 2523 verborum,
1422 2428 1499 2535 sol.
1522 2429 1543 2508 8
1549 2455 1586 2536 3.

512 2575 579 2656 25.
609 2549 770 2629 Tabula
787 2549 972 2657 quaedam
991 2548 1040 2628 de
1056 2545 1212 2630 diversis
1230 2547 1359 2628 titulis
1379 2549 1651 2644 decretalium,
1665 2549 1741 2658 fol.
1762 2548 1826 2630 86.

513 2672 579 2754 26.
610 2671 649 2750 T
651 2668 771 2752 abula
801 2667 1003 2750 distorum
1040 2668 1269 2752 Innocentis
1309 2669 1357 2748 de
1392 2667 1548 2754 divertis
1582 2668 1712 2752 titulis
1746 2665 2002 2751 decretalium

609 2805 900 2900 excerptorum,
919 2790 1009 2872 ibid.

510 2941 578 3024 27.
607 2910 740 2994 Brevis
758 2909 1007 2996 continentia
1025 2911 1201 2994 materia
1217 2913 1481 3013 decretorum,
1495 2914 1571 3026 fol.
1596 2938 1685 3024 117.

511 3035 577 3118 28.
608 3033 769 3115 Tabula
786 3032 901 3144 super
917 3034 1141 3130 decretales,
1157 3033 1232 3144 sol.
1259 3062 1348 3144 135.

512 3183 577 3266 29.
607 3155 770 3237 Tabula
789 3153 903 3266 super
921 3155 1090 3251 decreta,
1105 3155 1180 3265 fid.
1205 3158 1293 3264 169.

512 3307 578 3390 30.
607 3276 905 3360 Concordantia
922 3277 1172 3360 decretorum
1190 3278 1240 3360 ad
1260 3277 1401 3362 titulos
1419 3281 1690 3378 decretalium,
1706 3282 1781 3393 sol.
1802 3309 1895 3392 309.

511 3430 578 3514 31.
606 3397 1150 3511 Explanationes'verborum
1167 3401 1315 3511 legum,
1330 3403 1406 3513 fol.
1428 3431 1520 3512 310.

1071 3620 1387 3740 XXXIX.
1448 3609 1454 3616 ’

509 3779 625 3863 Codex
641 3783 923 3867 membranaceus
940 3783 981 3865 in
984 3783 1095 3894 solio,
1103 3784 1221 3898 stralo
1236 3815 1290 3868 xv
1307 3805 1491 3884 exaratus,
1512 3787 1554 3870 in
1569 3813 1635 3899 quo
1652 3791 1869 3886 contimtum·

511 3902 748 4012 Pantalogia
768 3931 903 3988 rerum
921 3905 1182 4006 naturalium,
1202 3905 1271 3991 lib.
1291 3928 1355 3994 κν.
1375 3909 1496 4024 defient
1511 3911 1657 4026 reliqui.

1152 4123 1291 4246 XL.

510 4284 625 4365 Codex
643 4285 927 4370 membranaceus
944 4289 1098 4399 infolio,
1105 4291 1224 4400 seculo
1241 4293 1311 4373 xiv
1328 4304 1513 4390 exararus,
1533 4287 1574 4374 in
1591 4322 1656 4405 9110
1674 4294 1912 4390 remittentur,

509 4403 705 4486 Francisci
724 4410 946 4493 Petrarchae
963 4412 1013 4496 de
1029 4411 1246 4512 Florentia,
1265 4413 1426 4499 lauriati
1444 4431 1572 4528 poetae
1586 4417 1635 4498 de
1651 4413 1833 4500 remediis
1852 4411 2001 4496 utrius-

456 4552 536 4640 que
554 4524 744 4629 sortunae,
766 4528 836 4612 lib.
862 4559 922 4615 11.

1750 4659 1859 4744 XLI.
1887 4653 2003 4739 Codex

510 4965 1191 5060 11111111111111111.1111111111.
1214 4995 1412 5070 1510-243.

510 5083 604 5170 XL.]
621 5088 685 5158 Ver.
700 5091 767 5160 Cat.
784 5089 820 5160 P.
840 5091 889 5162 18.
905 5092 1002 5163 MSS.
1018 5095 1104 5178 Aegl.
1123 5117 1323 5274 15205253.
