5058 6274
1114 724 1353 830 CCCXL.
1937 771 1961 863 3
1971 773 2030 867 55

547 922 583 1008 8.
614 925 780 1007 Sermou
808 917 1001 1033 preachetl
1030 917 1082 1031 by
1109 917 1292 1004 Thomas
1319 914 1528 1032 Godwyne
1562 919 1696 1004 before
1728 907 1795 1006 the
1829 951 1957 1032 queen
1994 947 2035 1010 at

616 1040 853 1127 Greenwich
879 1067 929 1152 27
946 1040 1104 1136 March,
1132 1043 1248 1154 1556,
1278 1062 1333 1123 on
1361 1041 1429 1122 the
1458 1039 1663 1153 authority
1681 1041 1730 1125 of
1749 1045 1928 1146 councils
1957 1053 2036 1133 and

615 1165 779 1263 fathers,
801 1182 844 1274 p.
863 1166 951 1270 165.

544 1319 582 1398 9.
613 1285 848 1370 Oxoniensrs
869 1282 1082 1370 historIolae
1102 1280 1266 1368 initium
1285 1309 1339 1366 ex·
1352 1281 1456 1366 libro
1475 1301 1796 1394 procuratorum,
1819 1305 1861 1399 p.
1882 1291 1972 1374 188.

548 1441 610 1494 ιο.
639 1407 808 1494 Assertio
827 1404 1077 1516 antiquitatis
1098 1403 1333 1492 Oxoniensrs
1354 1404 1575 1502 academiae,
1598 1424 1641 1517 p.
1661 1402 1750 1516 189'.

549 1561 611 1616 11.
640 1525 869 1641 Disputatio
899 1527 1035 1611 habita
1060 1525 1211 1610 Ortonii
1241 1527 1444 1638 2Aprilis,
1477 1555 1595 1637 1554,
1631 1531 1678 1610 de
1713 1529 1807 1613 reali
1840 1533 2032 1642 presentia

641 1650 818 1764 corporis
837 1649 983 1733 Christi
1009 1649 1051 1732 in
1074 1647 1321 1765 eucharistia,
1349 1649 1607 1760 respondente
1625 1656 1678 1733 D.
1692 1652 1834 1762 Ridle'y
1852 1654 2035 1768 episcopo

642 1772 900 1870 Londinenfi,
922 1792 964 1883 p.
980 1799 1073 1880 2471

551 1925 612 1981 12.
642 1895 818 1980 Prefatio
850 1912 890 1978 et
926 1891 1156 2006 protestatio
1187 1892 1361 1977 Thomae
1390 1893 1599 1978 Cranmeri
1636 1894 1778 2006 scripta
1817 1912 1856 1978 et
1889 1898 2035 1984 tradita

642 2017 805 2130 propria
824 2041 948 2104 manu
969 2015 1215 2127 prolocutori
1233 2016 1276 2100 in
1296 2016 1429 2098 schola
1446 2015 1621 2127 publica,
1641 2019 1686 2127 'p.
1703 2019 1796 2127 2'65.

551 2171 612 2254 13.
642 2139 873 2253 Disputatio
895 2137 1065 2226 oxonia
1088 2137 1227 2222 habita
1251 2145 1299 2222 16
1318 2139 1481 2253 Aprilis,
1510 2166 1626 2248 1554,
1655 2142 1704 2224 de
1722 2140 1816 2222 reali
1844 2140 2036 2251 presentia

642 2263 902 2374 respondente
920 2259 1085 2346 Thoma
1103 2265 1311 2358 cranmen
1332 2279 1562 2372 opponente
1581 2265 1633 2342 D.
1646 2262 1833 2371 Chedsey‚
1856 2282 1897 2372 p.
1914 2291 2006 2374 271.

552 2416 613 2494 14.
642 2392 778 2472 Letter
802 2385 908 2468 from
931 2385 1119 2466 Thomas
1132 2384 1287 2494 Bulney
1304 2401 1350 2466 to
1370 2385 1438 2466 the
1456 2383 1562 2466 vicar
1579 2381 1627 2464 of
1645 2385 1845 2466 Dereham
1864 2385 1908 2466 in
1927 2391 2038 2470 Nor·

644 2507 733 2594 folk
749 2505 963 2614 exhorting
982 2505 1068 2588 him
1087 2522 1132 2586 to
1151 2507 1349 2589 take'care
1365 2505 1415 2586 os
1429 2504 1491 2586 his
1510 2504 1629 2602 flock,
1651 2523 1694 2616 p.
1711 2506 1803 2588 281.

505 2697 510 2704 .
554 2659 616 2742 15.
644 2629 808 2740 Qibus
826 2625 1042 2714 sacerdotia
1057 2625 1230 2710 conferri
1249 2645 1320 2710 aut
1338 2655 1423 2710 ιιοιι
1440 2625 1613 2710 conferri
1633 2626 1802 2710 debeant
1820 2627 2039 2712 secundum

646 2755 724 2838 Dei
743 2772 782 2836 et
803 2757 1016 2864 Spanum
1035 2776 1221 2846 canonae,
1244 2769 1286 2860 p.
1302 2749 1395 2859 287.

553 2877 616 2962 16.
645 2874 819 2960 Articuli
837 2873 882 2958 in
899 2871 1047 2986 quibus
1064 2870 1316 2955 recensentur
1329 2869 1473 2956 abusus
1493 2872 1641 2956 mutati
1663 2871 1807 2984 [ejecto
1822 2870 2046 2986 papismoJ

673 3027 791 3108 .303.
2021 3087 2025 3094 ,

557 3148 620 3231 17.
638 3016 809 3207 ltelati'o
828 3116 1061 3200 summatim
1077 3114 1204 3202 totins
1222 3115 1415 3202 doetrinae
1434 3121 1776 3216 Gennannorum,
1798 3138 1841 3230 p.
1858 3145 1951 3229 341.

554 3243 616 3328 18.
646 3241 792 3325 Politia
808 3239 1072 3337 ecclehastica,
1091 3265 1183 3349 quae
1195 3245 1325 3348 nuper
1343 3239 1387 3322 in
1403 3259 1511 3322 coetu
1522 3239 1736 3323 Gallorum
1753 3241 1970 3324 constituta
1987 3239 2043 3324 est

647 3360 844 3448 Lunduni
865 3389 911 3445 21
936 3360 1049 3470 Julii,
1077 3363 1194 3472 1560,
1214 3387 1287 3470 per
1303 3361 1525 3460 Galatium,
1547 3381 1589 3472 p.
1605 3391 1697 3473 397.

557 3513 618 3596 ¹9·
647 3483 848 3594 Apologia
887 3482 994 3567 Petri
1023 3481 1240 3566 Alexandri
1277 3481 1457 3566 adversus
1497 3482 1851 3568 animadversiones
1886 3483 2043 3569 domini

650 3605 800 3688 Galasii
818 3604 868 3686 ad
888 3606 1145 3688 reverendum
1174 3621 1330 3714 patrem
1349 3603 2045 3721 etdominum,domi11umepisco

647 3753 752 3840 pum
769 3724 1078 3822 concinentem,
1103 3743 1144 3836 p
1157 3753 1209 3830 42
1215 3752 1253 3834 5

556 3875 621 3935 20.
649 3846 837 3934 Extrasts
865 3865 941 3930 out
964 3845 1012 3930 os
1035 3847 1104 3930 the
1127 3873 1258 3930 canon
1286 3847 1377 3944 law,
1407 3847 1540 3932 which
1568 3851 1672 3934 most
1693 3853 1800 3936 exalt
1826 3852 1896 3934 the
1922 3877 2063 3964 popae·
2221 3869 2226 3878 '

557 4119 624 4176 21.
651 3969 1046 4180 ffifgpnseaettltgpp
1046 3967 1793 4205 irillihiniihhirilcivsffiinsiniiisn]
1823 4119 1893 4206 per
1918 4095 2046 4178 Buce·

653 4242 759 4316 rum,

559 4363 623 4420 22.
652 4233 973 4424 Letterpviriiten
1000 4337 1054 4448 by
1075 4335 1239 4450 Bilnaye
1266 4333 1423 4420 when
1413 4365 1458 4420 m
1488 4336 1622 4492 prison
1647 4352 1692 4422 to
1718 4337 1781 4488 his
1807 4337 1939 4424 father
1966 4339 2046 4422 and

653 4460 825 4562 mother,
846 4479 890 4574 p.
904 4487 998 4574 579.

653 4577 728 4668 Ure
744 4584 855 4667 latter
867 4601 960 4696 part
978 4585 1010 4667 is
1028 4586 1208 4697 wanting.

587 4733 623 4815 3.
558 4705 779 4815 23Qod
806 4731 892 4790 non
919 4703 1010 4790 licet
1028 4705 1208 4789 sororem¹
1228 4704 1364 4788 uxoris
1392 4721 1634 4818 premortua}
1661 4705 1803 4788 ducere
1831 4705 1873 4788 in
1903 4705 2045 4789 matri-

654 4823 794 4912 monio
816 4825 973 4941 [autore
991 4829 1109 4912 Petro
1128 4829 1358 4914 Alexandro
1363 4829 1559 4946 ficundum
1578 4823 1818 4936 Tannerun]
1844 4846 1885 4939 p.
1902 4855 1996 4937 593.

1687 4954 1904 5036 CCCXLI.
1934 4949 2047 5034 Codex

986 5222 1058 5310 23·[
1070 5219 1145 5296 Wn
1158 5220 1235 5395 (ἓξ
1247 5222 1278 5288 8.
1296 5220 1420 5291 extu.
1436 5241 1492 5308 49,
1509 5241 1560 5310 50.

1255 5341 1281 5426 y
1303 5340 1325 5396 2
