4980 6264
1102 973 1334 1090 XLIII.

497 1142 610 1224 Codex
628 1139 909 1222 membranaceus
926 1136 1207 1250 2'resolio,fi¹cnlo
1223 1141 1295 1220 xlv
1311 1153 1494 1233 exaratas,
1516 1138 1556 1218 in
1575 1165 1639 1249 quo
1658 1139 1895 1235 continentur,

502 1289 536 1345 1.
567 1262 794 1344 Gulielmus
814 1258 1135 1342 Malmburienfis
1155 1261 1202 1340 de
1222 1259 1479 1372 pontificibus
1500 1261 1740 1368 Anglorum.

493 1387 615 1470 Liber
633 1385 777 1496 quintas
793 1411 902 1464 manu
921 1383 1097 1464 neoterica
1113 1381 1154 1464 in
1173 1384 1310 1464 chartis
1327 1401 1498 1464 exaratus
1515 1381 1572 1490 esl.

501 1535 538 1589 2.
568 1505 784 1588 Traltatus
804 1505 852 1586 de
869 1501 1016 1584 vifione
1034 1503 1223 1587 monachi
1240 1501 1499 1598 Evelhamiae,
1522 1507 1572 1584 A.
1589 1507 1642 1584 D.
1669 1507 1782 1612 1196.

494 1630 565 1712 Aa
569 1627 735 1738 frontem
754 1626 856 1736 bujm
874 1630 1053 1708 troblatus
1063 1628 1245 1740 sequentes
1259 1648 1358 1710 notas
1366 1628 1513 1742 screpstt
1530 1627 1829 1734 reverendeffimus
1838 1625 1985 1736 prasul,

440 1752 500 1834 cui
517 1751 608 1832 bunc
624 1749 921 1861 caterosquesere
939 1777 1051 1830 ornnes
1067 1749 1170 1858 brolius
1189 1750 1404 1832 bibliothece
1419 1747 1549 1830 codices
1568 1747 1735 1842 debeatne.
2052 1799 2071 1834 .

495 1884 522 1920 “
546 1877 592 1955 In
614 1874 681 1954 hac
699 1871 839 1978 fabula
852 1872 1018 1982 sequenti
1045 1873 1170 1954 videre
1194 1874 1278 1954 licet
1305 1903 1411 1984 quam
1438 1871 1589 1952 libenter
1611 1869 1706 1978 paffi
1716 1869 1808 1980 sient
1841 1869 1988 1978 majores
2059 1889 2063 1899 '

442 2003 469 2041 “
490 1993 599 2105 noslri
612 1995 658 2106 se
675 1993 781 2076 illudi
797 1991 907 2076 vanis
922 1993 1115 2105 hujusmodi
1131 1995 1319 2102 ‘ofianibus
1337 1991 1556 2106 quibusfere
1568 1993 1825 2102 predicatores
1843 1993 1992 2102 assent

440 2127 469 2164 “
489 2119 530 2199 in
548 2115 823 2226 comprobatione
841 2145 964 2196 rerum
981 2135 1016 2198 et
1033 2117 1269 2200 articulorum
1280 2119 1375 2230 fidei
1395 2145 1483 2228 quas
1499 2115 1726 2212 trablabant,
1745 2117 1929 2226 preterita
1946 2133 1988 2198 ut

441 2249 471 2286 “
483 2241 683 2350 plurimum
700 2237 1413 2350 nulloritatcsacrarumscripturarum.

499 2371 526 2407 “
548 2365 641 2443 Hac
669 2361 756 2470 viso
783 2361 882 2442 tanti
909 2359 1105 2443 habebatur
1132 2363 1232 2470 apud
1250 2361 1399 2472 mcoJ'ores
1422 2361 1562 2472 nostros,
1594 2377 1637 2442 ut
1664 2359 1775 2442 etiam
1803 2361 1844 2441 in
1869 2359 1991 2442 multis

441 2491 469 2528 “
489 2483 597 2564 libris
601 2485 782 2594 scriptam
793 2485 999 2593 propagari
1002 2479 1215 2593 feceruntl’

498 2615 526 2650 “
546 2607 633 2686 Non
651 2605 842 2713 incongure
859 2603 1056 2716 ascribitur
1069 2603 1286 2716 bacsabula
1305 2604 1535 2688 revelationis
1547 2605 1709 2686 monacho
1722 2606 1764 2688 de
1778 2607 1988 2712 Eovefham‚

445 2735 473 2772 “
491 2755 577 2808 nam
604 2725 778 2836 edificatio
809 2727 912 2836 ipstus
941 2725 1095 2809 coenobii
1123 2727 1271 2808 initium
1300 2727 1428 2810 babuit
1459 2757 1484 2810 a
1511 2727 1641 2838 uo‘stone
1667 2725 1790 2836 oslerfiz
1817 2726 1991 2834 Eguvino

444 2858 472 2895 “
491 2849 689 2930 Weiorum
709 2848 856 2958 episcopo
866 2847 1207 2956 primosundatore,
1227 2849 1292 2960 qui
1308 2851 1349 2930 in
1366 2851 1497 2932 charta
1514 2849 1555 2930 in
1568 2876 1660 2928 anno
1680 2873 1761 2955 714
1766 2848 1843 2958 sua
1851 2849 1991 2960 protes-

443 2979 471 3016 “
491 2987 609 3065 tatur,
626 2969 795 3082 sconclom
812 2969 996 3077 virginem
1017 2969 1189 3050 Mariam
1202 2973 1366 3079 primum
1384 2969 1529 3053 cuidant
1547 2969 1685 3079 pastori
1705 2997 1858 3078 gregum
1876 2975 1993 3052 Eoves

444 3101 472 3139 “
491 3111 702 3202 nuncupato,
722 3109 757 3171 et
768 3089 979 3201 pesleaſsbi,
995 3119 1074 3172 eum
1087 3089 1221 3172 duabus
1234 3093 1458 3201 virginibus,
1477 3091 1610 3174 librum
1630 3091 1671 3172 in
1689 3091 1854 3174 manibus
1868 3111 1991 3174 tenen-

444 3222 471 3258 “
489 3233 559 3297 tem
573 3211 786 3324 apparuiffi,
805 3231 840 3294 et
854 3213 963 3294 locam
973 3230 1044 3324 pro
1061 3211 1252 3322 elficando
1266 3215 1469 3324 monasterio
1486 3211 1668 3324 ostendiffi,
1687 3213 1779 3294 uncle
1795 3213 1856 3294 illi
1872 3241 1993 3296 nornen

444 3343 473 3380 “
492 3341 688 3444 Eovesbam
699 3335 809 3432 dedit,
825 3353 866 3416 ut
876 3335 1137 3422 IQnredasrex
1149 3338 1373 3421 Merciorum
1388 3357 1423 3421 et
1434 3335 1522 3447 Offa
1534 3367 1601 3421 rex
1614 3335 1842 3418 orientalium
1852 3337 1994 3447 Angla·

446 3465 575 3554 “orum
591 3457 765 3568 testantur
782 3459 824 3540 in
840 3457 1061 3569 cbartafiea,
1080 3461 1135 3541 A.
1149 3459 1209 3540 D.
1229 3461 1350 3570 709.''

1097 3669 1330 3788 XLIV.

500 3835 615 3916 Codex
632 3829 1051 3941 membranaceutforma
1067 3831 1249 3944 quadrata
1267 3835 1307 3916 in
1313 3833 1423 3946 filio,
1446 3853 1531 3917 ante
1548 3833 1826 3948 conquffltionem
1843 3832 1994 3942 Anglia

449 3955 533 4061 (uti
548 3955 718 4054 videtur)
726 3954 902 4065 scriptus,
922 3955 1008 4036 viz.

501 4073 734 4160 Pontificale
755 4073 1040 4184 Anglicanum,
1059 4109 1123 4189 quo
1138 4082 1374 4176 continentur,

506 4229 541 4284 1.
571 4196 747 4282 Prefatio
766 4195 971 4295 saxonica,
990 4199 1089 4311 cujus
1098 4221 1191 4312 pars
1208 4205 1370 4285 maxima
1385 4202 1611 4312 desolaretur.

503 4349 542 4403 2.
572 4321 684 4404 Ordo
703 4321 765 4402 vel
783 4319 1028 4404 examinatio
1045 4321 1089 4406 in
1109 4323 1360 4408 ordinatione
1379 4321 1563 4436 episcopi.

499 4445 697 4527 Promittit
715 4443 885 4555 episcopus
902 4444 1117 4530 ordinandus
1126 4447 1172 4559 sc
1181 4447 1316 4558 plebem
1334 4449 1370 4529 ei
1385 4445 1591 4559 commiffirm
1611 4475 1654 4527 cx
1663 4445 1788 4558 sacris
1794 4444 1995 4556 scripturis
2079 4453 2086 4471 '

444 4569 641 4665 bellunum,
670 4564 817 4676 officium
844 4563 1029 4678 episcopale
1041 4569 1206 4680 fideliter
1233 4569 1482 4680 obsecuturum,
1510 4569 1654 4680 ecclesa
1680 4565 1941 4678 Dorobernerfi
1951 4567 1997 4678 se

1903 4689 1994 4799 flore

501 4985 642 5068 XLIII.]
659 4987 723 5056 ro.
738 4985 806 5050 Cot.
822 4981 865 5048 H.
886 5005 914 5050 ι.
931 4983 1031 5052 MSS.
1047 4985 1133 5068 Angl.
1152 4989 1330 5076 1359-82.

500 5090 643 5176 XLIV.]
660 5084 723 5162 Va.
740 5094 807 5158 Get.
823 5091 851 5158 Ι.
871 5113 900 5158 1.
916 5091 1012 5161 MSS.
1031 5093 1117 5178 Angl.
1138 5095 1316 5182 1369-92.

491 5205 633 5293 xm]
650 5207 719 5280 Vile
731 5202 891 5273 LXXIX.
907 5203 1062 5272 CXLVI.
1078 5201 1232 5376 CLXIg.

1239 5319 1261 5374 2
