4994 6264
504 785 598 882 392
625 815 631 829 .
1113 747 1476 846 CCCCXXIII.

620 929 883 1027 consecuturi,
904 957 996 1016 cum
1017 927 1097 1042 ipso
1114 932 1197 1014 bito
1211 933 1303 1015 esset
1321 949 1516 1014 venturus
1531 945 1571 1012 et
1590 928 1768 1014 nobilem
1788 929 2043 1016 infantulum

535 1100 547 1110 ·
623 1054 665 1136 in
680 1051 877 1160 gremium
892 1049 1120 1136 matrissuae
1136 1055 1360 1152 oblaturus,
1382 1057 1534 1136 dataer
1548 1051 1788 1134 Windesord
1805 1061 1939 1190 7Apr.
1952 1073 1993 1164 p.
2004 1083 2043 1163 7.

554 1180 593 1258 6
623 1173 800 1282 Epistola
828 1172 1040 1254 academiae
1068 1175 1117 1256 ad
1137 1176 1309 1256 cundem
1330 1171 1614 1288 episcopums
1604 1201 1647 1255 rn
1677 1199 1758 1282 qua
1788 1176 1982 1258 maximas
2007 1175 2044 1255 ei

624 1311 752 1399 agunt
780 1290 927 1400 gratias
948 1285 1344 1402 quodelusconfilio
1373 1293 1520 1376 nobilis
1551 1290 1616 1374 hic
1637 1291 1879 1390 infantulus,
1908 1294 2040 1404 regius

622 1411 767 1494 scilicet
788 1439 913 1522 nepos
933 1411 1179 1496 unirersrrati
1199 1413 1458 1508 ascisceretur,
1488 1411 1579 1494 ibid.

520 1543 591 1646 ’.7
622 1529 801 1643 Epistola
829 1531 1041 1614 academia
1069 1536 1118 1628 ad
1145 1559 1276 1643 regem
1304 1536 1547 1616 Edwardum
1564 1531 1698 1615 IV.1n
1728 1559 1810 1642 qua
1839 1531 2044 1614 declarant

620 1648 895 1733 innocentiam
915 1651 1089 1733 doctoris
1111 1653 1253 1763 Smyth
1272 1651 1437 1765 suspesti
1456 1654 1504 1734 de
1523 1651 1657 1748 horest,
1682 1669 1726 1762 p.
1739 1649 1761 1730 8
1783 1671 1823 1732 et
1845 1649 1911 1756 83.

555 1773 591 1854 8.
620 1769 800 1882 Epistola
828 1771 1038 1854 academia
1063 1775 1113 1854 ad
1143 1775 1328 1868 eundem,
1365 1801 1415 1856 ne
1443 1790 1626 1856 avocaret
1660 1772 1833 1854 latomos
1863 1795 1965 1880 quos
1992 1769 2044 1851 ad

534 1891 774 1974 scholas
790 1891 1003 2001 theologiae
1023 1889 1280 2003 perficiendas
1301 1891 1632 2004 perquisrverunt,
1653 1911 1723 1976 aut
1740 1893 1876 1974 saltem
1898 1889 2043 2000 stepis-

619 2041 744 2126 copus
766 2012 954 2097 Winton.
975 2015 1145 2124 aliquos,
1167 2045 1269 2128 quos
1291 2017 1378 2100 usui
1404 2017 1474 2098 suo
1499 2013 1737 2098 concesserat
1756 2042 1823 2098 rex
1842 2008 2043 2124 impertiri

618 2133 889 2218 volueritusui
906 2138 1129 2232 academiae,
1146 2138 1223 2221 illis
1240 2138 1375 2222 utendi
1389 2135 1657 2250 potestatems
1655 2155 1796 2230 aceret,
1810 2151 1853 2244 p.
1863 2149 1962 2216 roct
1977 2133 2041 2242 85.

551 2286 589 2366 9.
619 2253 798 2369 Epistola
816 2255 1026 2338 academia
1046 2262 1095 2339 ad
1114 2259 1338 2340 Iohannem
1360 2259 1545 2340 abbatem
1565 2257 1614 2340 de
1629 2257 1872 2352 Abbendun,
1893 2271 1940 2334 ut
1955 2255 2041 2334 Ro-

621 2372 1014 2486 mamproferrurus,
1035 2374 1712 2493 privilegiaacademiaeconfirmari
1731 2395 1901 2471 curaret,
1915 2393 1957 2484 7.
1977 2402 2038 2456 11.

555 2528 616 2582 ro.
636 2496 826 2632 Epistpla
847 2494 1059 2578 academiae
1077 2499 1125 2580 ad
1149 2499 1372 2578 lconellum
1393 2492 1568 2576 Widevil
1588 2498 1719 2578 Exon.
1739 2494 1906 2578 ecclesrae
1925 2494 2041 2578 deca·

643 2643 746 2700 num
768 2611 809 2697 in
831 2641 913 2727 qua
931 2617 1163 2700 continetur
1181 2617 1310 2726 gratia
1328 2643 1364 2697 er
1353 2611 1594 2696 ''concell'a
1586 2641 1628 2696 rn
1648 2615 1958 2723 congregatione
1977 2615 2039 2698 so-

644 2734 783 2830 lernni,
805 2761 950 2844 nempe
967 2737 1146 2844 primum
1167 2756 1214 2820 ut
1234 2737 1284 2817 ad
1301 2731 1657 2816 extraordinariam
1678 2731 1938 2816 decretalium
1959 2735 2038 2818 lec·

645 2877 780 2938 turam
801 2853 973 2949 admitti,
995 2873 1085 2938 tum
1105 2855 1148 2940 in
1168 2855 1332 2938 decretis
1353 2852 1549 2936 licentiari
1569 2851 1697 2964 poffit,
1720 2871 1844 2964 p.12.

530 3007 568 3062 ·1
583 3005 614 3060 r.
644 2975 823 3086 Epistola
851 2976 1063 3058 academia
1093 2979 1140 3060 ad
1160 2975 1391 3088 episcopum
1413 2973 1601 3056 Winton.
1622 2991 1670 3056 ut
1690 2974 1784 3057 velit
1802 2974 1857 3058 eis
1876 2975 2037 3088 copiam

646 3096 774 3180 facere
793 3095 935 3178 utendi
955 3096 1033 3180 illis
1053 3098 1313 3184 edificialibus
1342 3095 1616 3180 instrumentis
1646 3121 1737 3208 quae
1766 3097 1817 3180 ad
1836 3097 2037 3182 clarissimi

531 3255 536 3264 ·
642 3219 731 3324 ejus
751 3215 907 3326 collegii
928 3213 1121 3304 fabricam
1141 3235 1374 3331 comparata
1392 3215 1498 3312 sunt,
1520 3232 1565 3324 p.
1586 3244 1597 3295 r
1608 3243 1645 3326 3.

531 3367 613 3425 ra.
643 3338 822 3451 Epistola
841 3336 1052 3420 academia
1072 3343 1121 3422 ad
1139 3339 1368 3452 episcopum
1385 3337 1572 3420 London.
1588 3337 1703 3450 quod
1719 3335 1918 3448 eligerunt
1936 3363 2039 3449 qua-

636 3475 735 3542 tu'or
755 3457 862 3538 viros
875 3455 948 3566 qui
967 3457 1178 3568 pecuniam
1200 3461 1251 3540 ab
1266 3487 1315 3541 eo
1329 3456 1549 3569 reciperent
1567 3481 1642 3566 pro
1656 3457 1910 3542 edificatione
1922 3459 2037 3542 scho-

639 3583 771 3662 larum
792 3577 1004 3683 theologia
1022 3597 1063 3660 et
1080 3607 1202 3694 quarn
1224 3579 1404 3691 primum
1421 3575 1477 3660 eis
1500 3577 1708 3660 redderent
1733 3578 1850 3688 1478,
1874 3597 1916 3688 p.
1935 3607 1997 3686 14.

548 3731 612 3814 r.3
641 3699 820 3811 Epistola
839 3697 1047 3780 academia
1066 3701 1115 3782 ad
1131 3701 1337 3784 Thomam
1358 3701 1514 3808 Kempe
1532 3696 1762 3806 episcopum
1777 3701 1965 3782 London.
1986 3716 2034 3782 ut

639 3821 789 3904 scholas
805 3817 1024 3928 theologia
1030 3817 1271 3926 jamdudum
1282 3819 1491 3904 inchoatas
1503 3817 1567 3898 sed
1580 3817 1718 3901 multis
1735 3818 1851 3901 annis
1868 3846 2031 3903 mancas

637 3961 677 4024 et
697 3967 820 4056 prope
840 3939 1038 4046 negledlas
1058 3939 1244 4051 perficere
1263 3941 1357 4026 relit
1382 3939 1501 4049 1476,
1523 3952 1567 4045 p.
1584 3963 1645 4045 15.

547 4095 609 4173 14
638 4061 817 4174 Eprstola
832 4059 1043 4144 academrae
1057 4059 1107 4142 ad
1122 4059 1351 4172 episcopum
1364 4060 1554 4142 Winton.
1569 4077 1616 4140 ut
1630 4053 1875 4140 confoderet
1892 4081 2033 4171 pacem

639 4185 745 4266 inter
764 4182 972 4264 Thomam
992 4185 1143 4266 Davers
1163 4201 1203 4265 et
1224 4181 1432 4268 dodtorem
1453 4179 1643 4291 Haydolr,
1667 4195 1711 4285 p.
1729 4178 1789 4260 16.

547 4335 609 4420 15.
637 4302 817 4414 Epistola
836 4301 1046 4386 academiae
1066 4303 1116 4385 ad
1135 4301 1342 4386 Thomam
1363 4305 1519 4414 Kempe
1537 4295 1767 4410 episcopum
1788 4294 1999 4380 Londini
1989 4323 2033 4377 rn

638 4449 720 4533 qua
738 4419 886 4530 gratias
901 4419 938 4504 ei
952 4439 1094 4532 agunt,
1113 4423 1223 4532 quod
1238 4449 1378 4505 eorum
1397 4419 1583 4533 precibus
1599 4418 1797 4502 addustus
1818 4413 2032 4528 perfedlio·

576 4610 579 4617 2
637 4569 730 4625 nem
751 4540 977 4625 scholarum
997 4542 1237 4654 theologiae
1227 4571 1270 4626 111
1290 4543 1328 4627 se
1346 4540 1577 4654 suscepisset,
1602 4557 1643 4648 p.
1662 4563 1725 4650 17.

546 4665 608 4746 16.
638 4663 731 4746 Alia
751 4663 915 4774 epistola
935 4665 984 4745 ad
999 4665 1179 4748 eundem
1198 4665 1336 4748 eadem
1356 4665 1479 4761 dere,
1505 4679 1545 4773 p.
1564 4659 1626 4742 18.

544 4811 606 4894 17.
636 4785 815 4898 Epistola
843 4784 1055 4867 academiae
1083 4787 1134 4868 ad
1157 4783 1388 4897 episcopum
1409 4783 1608 4868 Eliensem
1638 4796 1685 4864 ut
1704 4791 1892 4892 nepotem
1914 4771 2031 4857 suum

634 4905 783 4990 saciat
774 4935 817 4990 m
837 4905 924 5014 jure
943 4906 1139 4990 'canonico
1159 4909 1384 5017 procedere,
1409 4925 1452 5016 p.
1471 4933 1532 5012 19.

544 5025 603 5110 18.
636 5029 814 5140 Epistola
828 5027 1039 5110 academia
1054 5029 1101 5110 ad
1117 5025 1348 5138 episcopum
1360 5017 1769 5118 Heresordensem,1n
1784 5043 1866 5129 qua
1881 5009 2029 5124 gratias

633 5149 850 5257 singulares
867 5175 902 5229 er
889 5147 1091 5230 reddunt
1110 5173 1185 5256 pro
1200 5145 1390 5254 srngulari
1404 5172 1541 5232 amore
1555 5171 1637 5255 quo
1652 5135 1919 5226 benemeritos
1940 5157 2031 5218 aca-

632 5266 826 5350 demiae
792 5295 896 5352 vrros
915 5265 1211 5380 complestitur,
1234 5283 1277 5376 p.
1292 5292 1357 5352 20.

1758 5395 1821 5474 19.
1850 5361 2029 5474 Epistola
