<?xml version="1.0" encoding="UTF-8"?>
<!DOCTYPE html PUBLIC "-//W3C//DTD XHTML 1.0 Transitional//EN"
    "http://www.w3.org/TR/xhtml1/DTD/xhtml1-transitional.dtd">
<html xmlns="http://www.w3.org/1999/xhtml" xml:lang="en" lang="en">
 <head>
  <title>
</title>
<meta http-equiv="Content-Type" content="text/html;charset=utf-8" />
  <meta name='ocr-system' content='tesseract 3.04.00' />
  <meta name='ocr-capabilities' content='ocr_page ocr_carea ocr_par ocr_line ocrx_word'/>
</head>
<body>
  <div class='ocr_page' id='page_1' title='image "./cataloguslibror00nasmgoog_0085.png"; bbox 0 0 4980 6264; ppageno 0'>
   <div class='ocr_carea' id='block_1_1' title="bbox 479 749 1316 878">
    <p class='ocr_par' dir='ltr' id='par_1_1' title="bbox 479 749 1316 878">
     <span class='ocr_line' id='line_1_1' title="bbox 479 749 1316 878; baseline 0.002 -32"><span class='ocrx_word' id='word_1_1' title='bbox 479 779 542 878; x_wconf 85' lang='lat'>70</span> <span class='ocrx_word' id='word_1_2' title='bbox 1232 749 1316 848; x_wconf 86' lang='lat' dir='ltr'>CI.</span> 
     </span>
    </p>
   </div>
   <div class='ocr_carea' id='block_1_2' title="bbox 396 933 2017 4850">
    <p class='ocr_par' dir='ltr' id='par_1_2' title="bbox 527 933 1414 1050">
     <span class='ocr_line' id='line_1_2' title="bbox 527 933 1414 1050; baseline -0.006 -28"><span class='ocrx_word' id='word_1_3' title='bbox 527 965 595 1050; x_wconf 91' lang='lat'>37.</span> <span class='ocrx_word' id='word_1_4' title='bbox 625 939 688 1022; x_wconf 90' lang='lat' dir='ltr'>De</span> <span class='ocrx_word' id='word_1_5' title='bbox 706 933 899 1022; x_wconf 86' lang='lat' dir='ltr'>mensuris</span> <span class='ocrx_word' id='word_1_6' title='bbox 917 951 956 1020; x_wconf 89' lang='lat' dir='ltr'>et</span> <span class='ocrx_word' id='word_1_7' title='bbox 975 933 1234 1048; x_wconf 87' lang='lat' dir='ltr'>ponderibus,</span> <span class='ocrx_word' id='word_1_8' title='bbox 1256 955 1299 1050; x_wconf 87' lang='lat' dir='ltr'>p.</span> <span class='ocrx_word' id='word_1_9' title='bbox 1322 965 1414 1050; x_wconf 87' lang='lat'><strong>299.</strong></span> 
     </span>
    </p>

    <p class='ocr_par' dir='ltr' id='par_1_3' title="bbox 526 1058 2017 1294">
     <span class='ocr_line' id='line_1_3' title="bbox 526 1058 2017 1177; baseline 0.006 -32"><span class='ocrx_word' id='word_1_10' title='bbox 526 1063 592 1174; x_wconf 89' lang='lat'>38.</span> <span class='ocrx_word' id='word_1_11' title='bbox 622 1066 819 1172; x_wconf 88' lang='lat' dir='ltr'>Excerpta</span> <span class='ocrx_word' id='word_1_12' title='bbox 842 1088 890 1142; x_wconf 84' lang='grc'>01(</span> <span class='ocrx_word' id='word_1_13' title='bbox 916 1058 1221 1144; x_wconf 84' lang='lat' dir='ltr'>continuatione</span> <span class='ocrx_word' id='word_1_14' title='bbox 1246 1061 1395 1174; x_wconf 87' lang='lat' dir='ltr'>Rogeri</span> <span class='ocrx_word' id='word_1_15' title='bbox 1419 1061 1615 1147; x_wconf 85' lang='lat' dir='ltr'>Hoveden</span> <span class='ocrx_word' id='word_1_16' title='bbox 1639 1065 1690 1148; x_wconf 91' lang='lat' dir='ltr'>ad</span> <span class='ocrx_word' id='word_1_17' title='bbox 1714 1091 1870 1150; x_wconf 89' lang='lat' dir='ltr'>annum</span> <span class='ocrx_word' id='word_1_18' title='bbox 1898 1095 2017 1177; x_wconf 89' lang='lat'>1091,</span> 
     </span>
     <span class='ocr_line' id='line_1_4' title="bbox 613 1202 772 1294; baseline -0.006 -28"><span class='ocrx_word' id='word_1_19' title='bbox 613 1202 657 1294; x_wconf 87' lang='lat' dir='ltr'>p.</span> <span class='ocrx_word' id='word_1_20' title='bbox 679 1213 772 1294; x_wconf 87' lang='lat'><strong>300.</strong></span> 
     </span>
    </p>

    <p class='ocr_par' dir='ltr' id='par_1_4' title="bbox 525 1303 2016 1424">
     <span class='ocr_line' id='line_1_5' title="bbox 525 1303 2016 1424; baseline 0.005 -36"><span class='ocrx_word' id='word_1_21' title='bbox 525 1337 592 1422; x_wconf 89' lang='lat'>39.</span> <span class='ocrx_word' id='word_1_22' title='bbox 621 1306 714 1388; x_wconf 90' lang='lat' dir='ltr'>Alia</span> <span class='ocrx_word' id='word_1_23' title='bbox 732 1323 916 1418; x_wconf 84' lang='lat' dir='ltr'>excerpta</span> <span class='ocrx_word' id='word_1_24' title='bbox 932 1305 980 1386; x_wconf 90' lang='lat' dir='ltr'>de</span> <span class='ocrx_word' id='word_1_25' title='bbox 1000 1303 1263 1406; x_wconf 89' lang='lat' dir='ltr'>Brithwoldo,</span> <span class='ocrx_word' id='word_1_26' title='bbox 1282 1325 1323 1392; x_wconf 88' lang='lat' dir='ltr'>et</span> <span class='ocrx_word' id='word_1_27' title='bbox 1342 1309 1607 1420; x_wconf 87' lang='lat' dir='ltr'>parliamento</span> <span class='ocrx_word' id='word_1_28' title='bbox 1624 1339 1690 1396; x_wconf 90' lang='lat' dir='ltr'>an.</span> <span class='ocrx_word' id='word_1_29' title='bbox 1717 1341 1835 1424; x_wconf 90' lang='lat'><strong>1372,</strong></span> <span class='ocrx_word' id='word_1_30' title='bbox 1858 1329 1900 1424; x_wconf 89' lang='lat' dir='ltr'>p.</span> <span class='ocrx_word' id='word_1_31' title='bbox 1924 1339 2016 1424; x_wconf 87' lang='lat'><strong>302.</strong></span> 
     </span>
    </p>

    <p class='ocr_par' dir='ltr' id='par_1_5' title="bbox 523 1427 2017 1669">
     <span class='ocr_line' id='line_1_6' title="bbox 523 1427 2017 1546; baseline 0.005 -34"><span class='ocrx_word' id='word_1_32' title='bbox 523 1460 591 1538; x_wconf 91' lang='lat'>40.</span> <span class='ocrx_word' id='word_1_33' title='bbox 621 1433 685 1514; x_wconf 88' lang='lat' dir='ltr'>Dc</span> <span class='ocrx_word' id='word_1_34' title='bbox 704 1427 896 1512; x_wconf 69' lang='lat' dir='ltr'>electione</span> <span class='ocrx_word' id='word_1_35' title='bbox 917 1427 1109 1540; x_wconf 85' lang='lat' dir='ltr'>Stephani</span> <span class='ocrx_word' id='word_1_36' title='bbox 1127 1429 1176 1512; x_wconf 94' lang='lat' dir='ltr'>de</span> <span class='ocrx_word' id='word_1_37' title='bbox 1194 1437 1385 1540; x_wconf 85' lang='lat' dir='ltr'>Langton</span> <span class='ocrx_word' id='word_1_38' title='bbox 1402 1431 1447 1516; x_wconf 91' lang='lat' dir='ltr'>in</span> <span class='ocrx_word' id='word_1_39' title='bbox 1465 1433 1804 1546; x_wconf 86' lang='lat' dir='ltr'>archiepiscopum</span> <span class='ocrx_word' id='word_1_40' title='bbox 1822 1439 2017 1520; x_wconf 83' lang='lat' dir='ltr'>eantuar.</span> 
     </span>
     <span class='ocr_line' id='line_1_7' title="bbox 620 1551 1776 1669; baseline 0.005 -35"><span class='ocrx_word' id='word_1_41' title='bbox 620 1557 672 1634; x_wconf 90' lang='lat' dir='ltr'>A.</span> <span class='ocrx_word' id='word_1_42' title='bbox 693 1555 745 1634; x_wconf 90' lang='lat' dir='ltr'>D.</span> <span class='ocrx_word' id='word_1_43' title='bbox 771 1551 888 1634; x_wconf 88' lang='lat'><strong>1208.</strong></span> <span class='ocrx_word' id='word_1_44' title='bbox 916 1582 960 1632; x_wconf 87' lang='lat' dir='ltr'>ex</span> <span class='ocrx_word' id='word_1_45' title='bbox 977 1553 1239 1636; x_wconf 84' lang='lat' dir='ltr'>continuatione</span> <span class='ocrx_word' id='word_1_46' title='bbox 1256 1557 1394 1664; x_wconf 82' lang='lat' dir='ltr'>Rogeri</span> <span class='ocrx_word' id='word_1_47' title='bbox 1411 1557 1595 1654; x_wconf 77' lang='lat' dir='ltr'>Hovedm,</span> <span class='ocrx_word' id='word_1_48' title='bbox 1617 1577 1661 1666; x_wconf 88' lang='lat' dir='ltr'>p.</span> <span class='ocrx_word' id='word_1_49' title='bbox 1683 1587 1776 1669; x_wconf 92' lang='lat'><strong>303.</strong></span> 
     </span>
    </p>

    <p class='ocr_par' dir='ltr' id='par_1_6' title="bbox 522 1671 1974 1790">
     <span class='ocr_line' id='line_1_8' title="bbox 522 1671 1974 1790; baseline 0.002 -31"><span class='ocrx_word' id='word_1_50' title='bbox 522 1705 591 1784; x_wconf 90' lang='lat'>41.</span> <span class='ocrx_word' id='word_1_51' title='bbox 620 1677 819 1786; x_wconf 84' lang='lat' dir='ltr'>Excerpta</span> <span class='ocrx_word' id='word_1_52' title='bbox 835 1701 885 1755; x_wconf 86' lang='lat' dir='ltr'>cx</span> <span class='ocrx_word' id='word_1_53' title='bbox 901 1671 1058 1756; x_wconf 89' lang='lat' dir='ltr'>diverfis</span> <span class='ocrx_word' id='word_1_54' title='bbox 1078 1675 1286 1760; x_wconf 86' lang='lat' dir='ltr'>autoribus</span> <span class='ocrx_word' id='word_1_55' title='bbox 1305 1679 1354 1760; x_wconf 87' lang='lat' dir='ltr'>de</span> <span class='ocrx_word' id='word_1_56' title='bbox 1370 1679 1525 1789; x_wconf 89' lang='lat' dir='ltr'>nuptiis</span> <span class='ocrx_word' id='word_1_57' title='bbox 1543 1679 1792 1780; x_wconf 90' lang='lat' dir='ltr'>clericorum,</span> <span class='ocrx_word' id='word_1_58' title='bbox 1813 1697 1858 1790; x_wconf 89' lang='lat' dir='ltr'>p.</span> <span class='ocrx_word' id='word_1_59' title='bbox 1880 1708 1974 1789; x_wconf 89' lang='lat'><strong>304.</strong></span> 
     </span>
    </p>

    <p class='ocr_par' dir='ltr' id='par_1_7' title="bbox 517 1795 2013 2037">
     <span class='ocr_line' id='line_1_9' title="bbox 517 1795 2013 1912; baseline 0 -30"><span class='ocrx_word' id='word_1_60' title='bbox 517 1827 589 1910; x_wconf 80' lang='lat'>42.</span> <span class='ocrx_word' id='word_1_61' title='bbox 618 1797 865 1908; x_wconf 83' lang='lat' dir='ltr'>Excerptum</span> <span class='ocrx_word' id='word_1_62' title='bbox 884 1825 932 1879; x_wconf 88' lang='lat' dir='ltr'>ex</span> <span class='ocrx_word' id='word_1_63' title='bbox 950 1795 1255 1882; x_wconf 87' lang='lat' dir='ltr'>continuatione</span> <span class='ocrx_word' id='word_1_64' title='bbox 1275 1799 1423 1910; x_wconf 86' lang='lat' dir='ltr'>Rogeri</span> <span class='ocrx_word' id='word_1_65' title='bbox 1442 1803 1636 1884; x_wconf 85' lang='lat' dir='ltr'>Hoveden</span> <span class='ocrx_word' id='word_1_66' title='bbox 1652 1803 1701 1886; x_wconf 92' lang='lat' dir='ltr'>de</span> <span class='ocrx_word' id='word_1_67' title='bbox 1719 1805 1876 1886; x_wconf 87' lang='lat' dir='ltr'>decreto</span> <span class='ocrx_word' id='word_1_68' title='bbox 1893 1802 2013 1912; x_wconf 84' lang='lat' dir='ltr'>legati</span> 
     </span>
     <span class='ocr_line' id='line_1_10' title="bbox 615 1917 2012 2037; baseline 0.003 -35"><span class='ocrx_word' id='word_1_69' title='bbox 615 1935 663 2002; x_wconf 93' lang='lat' dir='ltr'>ut</span> <span class='ocrx_word' id='word_1_70' title='bbox 676 1917 801 2028; x_wconf 84' lang='lat' dir='ltr'>Angli</span> <span class='ocrx_word' id='word_1_71' title='bbox 814 1917 1053 2030; x_wconf 85' lang='lat' dir='ltr'>primarium</span> <span class='ocrx_word' id='word_1_72' title='bbox 1067 1923 1205 2002; x_wconf 86' lang='lat' dir='ltr'>locum</span> <span class='ocrx_word' id='word_1_73' title='bbox 1219 1922 1412 2008; x_wconf 89' lang='lat' dir='ltr'>haberent</span> <span class='ocrx_word' id='word_1_74' title='bbox 1425 1922 1469 2008; x_wconf 91' lang='grc'>10</span> <span class='ocrx_word' id='word_1_75' title='bbox 1485 1923 1686 2008; x_wconf 88' lang='lat' dir='ltr'>academia</span> <span class='ocrx_word' id='word_1_76' title='bbox 1700 1923 1900 2012; x_wconf 85' lang='lat' dir='ltr'>Parilienfi</span> <span class='ocrx_word' id='word_1_77' title='bbox 1915 1923 2012 2037; x_wconf 92' lang='lat' dir='ltr'>quia</span> 
     </span>
    </p>

    <p class='ocr_par' dir='ltr' id='par_1_8' title="bbox 519 2039 1320 2156">
     <span class='ocr_line' id='line_1_11' title="bbox 519 2039 1320 2156; baseline 0.009 -33"><span class='ocrx_word' id='word_1_78' title='bbox 519 2061 522 2070; x_wconf 85' lang='lat'>&#39;</span> <span class='ocrx_word' id='word_1_79' title='bbox 614 2043 720 2125; x_wconf 91' lang='lat' dir='ltr'>Beda</span> <span class='ocrx_word' id='word_1_80' title='bbox 737 2040 893 2154; x_wconf 90' lang='lat' dir='ltr'>primus</span> <span class='ocrx_word' id='word_1_81' title='bbox 912 2039 969 2124; x_wconf 90' lang='lat' dir='ltr'>ibi</span> <span class='ocrx_word' id='word_1_82' title='bbox 987 2042 1139 2142; x_wconf 88' lang='lat' dir='ltr'>docuit,</span> <span class='ocrx_word' id='word_1_83' title='bbox 1159 2062 1204 2153; x_wconf 86' lang='lat' dir='ltr'>p.</span> <span class='ocrx_word' id='word_1_84' title='bbox 1227 2073 1320 2156; x_wconf 83' lang='lat'><strong>305.</strong></span> 
     </span>
    </p>

    <p class='ocr_par' dir='ltr' id='par_1_9' title="bbox 514 2163 1079 2276">
     <span class='ocr_line' id='line_1_12' title="bbox 514 2163 1079 2276; baseline 0.002 -28"><span class='ocrx_word' id='word_1_85' title='bbox 514 2195 582 2276; x_wconf 89' lang='lat'>43.</span> <span class='ocrx_word' id='word_1_86' title='bbox 611 2169 675 2248; x_wconf 93' lang='lat' dir='ltr'>De</span> <span class='ocrx_word' id='word_1_87' title='bbox 692 2163 900 2264; x_wconf 64' lang='lat' dir='ltr'>mensuris</span> <span class='ocrx_word' id='word_1_88' title='bbox 921 2182 964 2276; x_wconf 91' lang='lat' dir='ltr'>p.</span> <span class='ocrx_word' id='word_1_89' title='bbox 987 2168 1079 2274; x_wconf 84' lang='lat'><strong>306.</strong></span> 
     </span>
    </p>

    <p class='ocr_par' dir='ltr' id='par_1_10' title="bbox 512 2287 2008 2521">
     <span class='ocr_line' id='line_1_13' title="bbox 512 2287 2008 2403; baseline 0.007 -33"><span class='ocrx_word' id='word_1_90' title='bbox 512 2319 579 2398; x_wconf 91' lang='lat'>44.</span> <span class='ocrx_word' id='word_1_91' title='bbox 608 2293 805 2401; x_wconf 85' lang='lat' dir='ltr'>Excerpta</span> <span class='ocrx_word' id='word_1_92' title='bbox 831 2315 879 2370; x_wconf 87' lang='lat' dir='ltr'>ex</span> <span class='ocrx_word' id='word_1_93' title='bbox 903 2287 1110 2372; x_wconf 90' lang='lat' dir='ltr'>Gulielmo</span> <span class='ocrx_word' id='word_1_94' title='bbox 1137 2287 1186 2370; x_wconf 90' lang='lat' dir='ltr'>de</span> <span class='ocrx_word' id='word_1_95' title='bbox 1212 2287 1483 2403; x_wconf 82' lang='lat' dir='ltr'>Malmelbury</span> <span class='ocrx_word' id='word_1_96' title='bbox 1506 2291 1554 2374; x_wconf 94' lang='lat' dir='ltr'>de</span> <span class='ocrx_word' id='word_1_97' title='bbox 1578 2291 1819 2403; x_wconf 89' lang='lat' dir='ltr'>antiquitate</span> <span class='ocrx_word' id='word_1_98' title='bbox 1843 2295 2008 2382; x_wconf 89' lang='lat' dir='ltr'>Glasco-</span> 
     </span>
     <span class='ocr_line' id='line_1_14' title="bbox 608 2409 1128 2521; baseline -0.002 -27"><span class='ocrx_word' id='word_1_99' title='bbox 608 2409 751 2494; x_wconf 83' lang='lat' dir='ltr'>nienfis</span> <span class='ocrx_word' id='word_1_100' title='bbox 770 2409 948 2509; x_wconf 87' lang='lat' dir='ltr'>ecclcsrae,</span> <span class='ocrx_word' id='word_1_101' title='bbox 972 2428 1013 2520; x_wconf 87' lang='lat' dir='ltr'>p.</span> <span class='ocrx_word' id='word_1_102' title='bbox 1035 2439 1128 2521; x_wconf 93' lang='lat'><strong>307.</strong></span> 
     </span>
    </p>

    <p class='ocr_par' dir='ltr' id='par_1_11' title="bbox 396 2531 2005 2652">
     <span class='ocr_line' id='line_1_15' title="bbox 396 2531 2005 2652; baseline 0.006 -36"><span class='ocrx_word' id='word_1_103' title='bbox 396 2557 399 2563; x_wconf 84' lang='lat'>·</span> <span class='ocrx_word' id='word_1_104' title='bbox 510 2566 538 2643; x_wconf 95' lang='lat'><strong>4</strong></span> <span class='ocrx_word' id='word_1_105' title='bbox 542 2561 579 2646; x_wconf 83' lang='lat'>5.</span> <span class='ocrx_word' id='word_1_106' title='bbox 610 2539 673 2618; x_wconf 89' lang='lat' dir='ltr'>De</span> <span class='ocrx_word' id='word_1_107' title='bbox 697 2533 829 2646; x_wconf 91' lang='lat' dir='ltr'>primo</span> <span class='ocrx_word' id='word_1_108' title='bbox 852 2533 958 2616; x_wconf 90' lang='lat' dir='ltr'>statu</span> <span class='ocrx_word' id='word_1_109' title='bbox 978 2531 1240 2618; x_wconf 86' lang='lat' dir='ltr'>Landavensrs</span> <span class='ocrx_word' id='word_1_110' title='bbox 1259 2533 1424 2618; x_wconf 84' lang='lat' dir='ltr'>eccleliae</span> <span class='ocrx_word' id='word_1_111' title='bbox 1443 2552 1483 2617; x_wconf 89' lang='lat' dir='ltr'>et</span> <span class='ocrx_word' id='word_1_112' title='bbox 1504 2534 1589 2620; x_wconf 88' lang='lat' dir='ltr'>vita</span> <span class='ocrx_word' id='word_1_113' title='bbox 1611 2537 1894 2652; x_wconf 88' lang='lat' dir='ltr'>archiepiscopi</span> <span class='ocrx_word' id='word_1_114' title='bbox 1912 2545 2005 2624; x_wconf 91' lang='lat' dir='ltr'>Du-</span> 
     </span>
    </p>

    <p class='ocr_par' dir='ltr' id='par_1_12' title="bbox 422 2655 2003 3260">
     <span class='ocr_line' id='line_1_16' title="bbox 422 2655 909 2756; baseline -0.004 -15"><span class='ocrx_word' id='word_1_115' title='bbox 422 2677 426 2684; x_wconf 83' lang='lat'>&#39;</span> <span class='ocrx_word' id='word_1_116' title='bbox 606 2655 730 2756; x_wconf 84' lang='lat' dir='ltr'>britii,</span> <span class='ocrx_word' id='word_1_117' title='bbox 786 2721 795 2739; x_wconf 94' lang='lat'><strong>.</strong></span> <span class='ocrx_word' id='word_1_118' title='bbox 849 2687 909 2740; x_wconf 94' lang='lat'>10.</span> 
     </span>
     <span class='ocr_line' id='line_1_17' title="bbox 605 2675 2003 2898; baseline 0.002 -33"><span class='ocrx_word' id='word_1_119' title='bbox 605 2794 633 2830; x_wconf 88' lang='lat'><strong>“</strong></span> <span class='ocrx_word' id='word_1_120' title='bbox 654 2675 1060 2892; x_wconf 62' lang='lat' dir='ltr'>Haecixirntiquiffimo</span> <span class='ocrx_word' id='word_1_121' title='bbox 1075 2782 1221 2892; x_wconf 77' lang='lat' dir='ltr'>quodam</span> <span class='ocrx_word' id='word_1_122' title='bbox 1238 2783 1477 2896; x_wconf 76' lang='lat' dir='ltr'>libroscripto</span> <span class='ocrx_word' id='word_1_123' title='bbox 1495 2785 1555 2866; x_wconf 95' lang='lat' dir='ltr'>D.</span> <span class='ocrx_word' id='word_1_124' title='bbox 1570 2785 1731 2866; x_wconf 88' lang='lat' dir='ltr'>Henrici</span> <span class='ocrx_word' id='word_1_125' title='bbox 1744 2785 1872 2868; x_wconf 85' lang='lat' dir='ltr'>Sidnei</span> <span class='ocrx_word' id='word_1_126' title='bbox 1883 2787 1924 2868; x_wconf 93' lang='lat' dir='ltr'>in</span> <span class='ocrx_word' id='word_1_127' title='bbox 1938 2815 2003 2898; x_wconf 87' lang='lat' dir='ltr'>quo</span> 
     </span>
     <span class='ocr_line' id='line_1_18' title="bbox 603 2905 2000 3014; baseline 0.004 -29"><span class='ocrx_word' id='word_1_128' title='bbox 603 2915 630 2950; x_wconf 91' lang='lat'><strong>“</strong></span> <span class='ocrx_word' id='word_1_129' title='bbox 649 2909 862 2986; x_wconf 61' lang='lat' dir='ltr'>tradantur</span> <span class='ocrx_word' id='word_1_130' title='bbox 885 2905 979 2985; x_wconf 83' lang='lat' dir='ltr'>vitae</span> <span class='ocrx_word' id='word_1_131' title='bbox 1003 2905 1222 3014; x_wconf 85' lang='lat' dir='ltr'>quorundam</span> <span class='ocrx_word' id='word_1_132' title='bbox 1240 2907 1408 2988; x_wconf 85' lang='lat' dir='ltr'>diuorum</span> <span class='ocrx_word' id='word_1_133' title='bbox 1425 2907 1726 2988; x_wconf 79' lang='lat' dir='ltr'>Britannicarum</span> <span class='ocrx_word' id='word_1_134' title='bbox 1749 2909 1791 2988; x_wconf 91' lang='lat' dir='ltr'>in</span> <span class='ocrx_word' id='word_1_135' title='bbox 1807 2909 1892 2988; x_wconf 85' lang='lat' dir='ltr'>vita</span> <span class='ocrx_word' id='word_1_136' title='bbox 1909 2912 2000 2990; x_wconf 85' lang='lat' dir='ltr'>Du-</span> 
     </span>
     <span class='ocr_line' id='line_1_19' title="bbox 603 3025 1999 3142; baseline 0.001 -34"><span class='ocrx_word' id='word_1_137' title='bbox 603 3037 629 3072; x_wconf 90' lang='lat'><strong>“</strong></span> <span class='ocrx_word' id='word_1_138' title='bbox 651 3025 774 3122; x_wconf 86' lang='lat' dir='ltr'>britii,</span> <span class='ocrx_word' id='word_1_139' title='bbox 795 3025 894 3134; x_wconf 79' lang='lat' dir='ltr'>cujrn</span> <span class='ocrx_word' id='word_1_140' title='bbox 912 3025 1187 3137; x_wconf 81' lang='lat' dir='ltr'>vitamscrtpstt</span> <span class='ocrx_word' id='word_1_141' title='bbox 1203 3028 1314 3108; x_wconf 84' lang='lat' dir='ltr'>etiam</span> <span class='ocrx_word' id='word_1_142' title='bbox 1327 3026 1541 3108; x_wconf 73' lang='lat' dir='ltr'>Benediclus</span> <span class='ocrx_word' id='word_1_143' title='bbox 1554 3025 1704 3108; x_wconf 73' lang='lat' dir='ltr'>caenobii</span> <span class='ocrx_word' id='word_1_144' title='bbox 1720 3030 1760 3109; x_wconf 92' lang='lat' dir='ltr'>S.</span> <span class='ocrx_word' id='word_1_145' title='bbox 1772 3030 1999 3142; x_wconf 86' lang='lat' dir='ltr'>Petri-apos-</span> 
     </span>
     <span class='ocr_line' id='line_1_20' title="bbox 601 3147 1254 3260; baseline -0.009 -27"><span class='ocrx_word' id='word_1_146' title='bbox 601 3159 627 3195; x_wconf 91' lang='lat'><strong>“</strong></span> <span class='ocrx_word' id='word_1_147' title='bbox 647 3150 713 3232; x_wconf 82' lang='lat' dir='ltr'>toli</span> <span class='ocrx_word' id='word_1_148' title='bbox 732 3147 1015 3260; x_wconf 81' lang='lat' dir='ltr'>Claudiocessriae</span> <span class='ocrx_word' id='word_1_149' title='bbox 1032 3148 1254 3229; x_wconf 84' lang='lat' dir='ltr'>monachus.”</span> 
     </span>
    </p>

    <p class='ocr_par' dir='ltr' id='par_1_13' title="bbox 505 3267 1996 3505">
     <span class='ocr_line' id='line_1_21' title="bbox 505 3267 1996 3384; baseline -0.002 -26"><span class='ocrx_word' id='word_1_150' title='bbox 505 3276 574 3384; x_wconf 90' lang='lat'>46.</span> <span class='ocrx_word' id='word_1_151' title='bbox 604 3270 847 3356; x_wconf 87' lang='lat' dir='ltr'>Convivium</span> <span class='ocrx_word' id='word_1_152' title='bbox 866 3270 910 3354; x_wconf 92' lang='lat' dir='ltr'>in</span> <span class='ocrx_word' id='word_1_153' title='bbox 926 3269 1191 3354; x_wconf 89' lang='lat' dir='ltr'>installatione</span> <span class='ocrx_word' id='word_1_154' title='bbox 1206 3267 1413 3382; x_wconf 88' lang='lat' dir='ltr'>Radulphi</span> <span class='ocrx_word' id='word_1_155' title='bbox 1426 3267 1475 3350; x_wconf 92' lang='lat' dir='ltr'>de</span> <span class='ocrx_word' id='word_1_156' title='bbox 1489 3271 1651 3352; x_wconf 91' lang='lat' dir='ltr'>Bourne</span> <span class='ocrx_word' id='word_1_157' title='bbox 1668 3267 1837 3366; x_wconf 88' lang='lat' dir='ltr'>abbatis,</span> <span class='ocrx_word' id='word_1_158' title='bbox 1854 3273 1892 3352; x_wconf 84' lang='lat' dir='ltr'>S.</span> <span class='ocrx_word' id='word_1_159' title='bbox 1908 3275 1996 3354; x_wconf 89' lang='lat' dir='ltr'>Au·</span> 
     </span>
     <span class='ocr_line' id='line_1_22' title="bbox 597 3394 1427 3505; baseline -0.004 -28"><span class='ocrx_word' id='word_1_160' title='bbox 597 3394 746 3505; x_wconf 88' lang='lat' dir='ltr'>gustini</span> <span class='ocrx_word' id='word_1_161' title='bbox 766 3401 959 3477; x_wconf 87' lang='lat' dir='ltr'>Cantuar.</span> <span class='ocrx_word' id='word_1_162' title='bbox 980 3398 1029 3474; x_wconf 93' lang='lat' dir='ltr'>A.</span> <span class='ocrx_word' id='word_1_163' title='bbox 1049 3397 1102 3474; x_wconf 94' lang='lat' dir='ltr'>D.</span> <span class='ocrx_word' id='word_1_164' title='bbox 1128 3419 1247 3500; x_wconf 87' lang='lat'><strong>1309,</strong></span> <span class='ocrx_word' id='word_1_165' title='bbox 1269 3411 1311 3505; x_wconf 91' lang='lat' dir='ltr'>p.</span> <span class='ocrx_word' id='word_1_166' title='bbox 1335 3423 1427 3504; x_wconf 85' lang='lat'><strong>313.</strong></span> 
     </span>
    </p>

    <p class='ocr_par' dir='ltr' id='par_1_14' title="bbox 498 3513 1995 3752">
     <span class='ocr_line' id='line_1_23' title="bbox 498 3513 1995 3631; baseline -0.001 -30"><span class='ocrx_word' id='word_1_167' title='bbox 498 3549 567 3631; x_wconf 91' lang='lat'>47.</span> <span class='ocrx_word' id='word_1_168' title='bbox 596 3515 892 3601; x_wconf 86' lang='lat' dir='ltr'>Proclamation</span> <span class='ocrx_word' id='word_1_169' title='bbox 914 3517 1027 3600; x_wconf 83' lang='lat' dir='ltr'>made</span> <span class='ocrx_word' id='word_1_170' title='bbox 1048 3514 1101 3624; x_wconf 90' lang='lat' dir='ltr'>by</span> <span class='ocrx_word' id='word_1_171' title='bbox 1115 3514 1250 3598; x_wconf 90' lang='lat' dir='ltr'>advice</span> <span class='ocrx_word' id='word_1_172' title='bbox 1268 3515 1316 3600; x_wconf 85' lang='lat' dir='ltr'>of</span> <span class='ocrx_word' id='word_1_173' title='bbox 1333 3513 1573 3629; x_wconf 85' lang='lat' dir='ltr'>parliameut</span> <span class='ocrx_word' id='word_1_174' title='bbox 1594 3542 1713 3625; x_wconf 85' lang='lat'><strong>1315,</strong></span> <span class='ocrx_word' id='word_1_175' title='bbox 1732 3531 1777 3598; x_wconf 84' lang='grc'>10</span> <span class='ocrx_word' id='word_1_176' title='bbox 1796 3515 1906 3600; x_wconf 89' lang='lat' dir='ltr'>settle</span> <span class='ocrx_word' id='word_1_177' title='bbox 1926 3516 1995 3600; x_wconf 87' lang='lat' dir='ltr'>the</span> 
     </span>
     <span class='ocr_line' id='line_1_24' title="bbox 597 3636 1707 3752; baseline -0.002 -30"><span class='ocrx_word' id='word_1_178' title='bbox 597 3639 723 3752; x_wconf 84' lang='lat' dir='ltr'>prices</span> <span class='ocrx_word' id='word_1_179' title='bbox 744 3636 793 3720; x_wconf 91' lang='lat' dir='ltr'>of</span> <span class='ocrx_word' id='word_1_180' title='bbox 805 3636 1018 3750; x_wconf 81' lang='lat' dir='ltr'>provisron‚</span> <span class='ocrx_word' id='word_1_181' title='bbox 1048 3639 1089 3720; x_wconf 90' lang='lat' dir='ltr'>in</span> <span class='ocrx_word' id='word_1_182' title='bbox 1109 3639 1263 3749; x_wconf 74' lang='lat' dir='ltr'>English</span> <span class='ocrx_word' id='word_1_183' title='bbox 1281 3641 1358 3723; x_wconf 82' lang='lat' dir='ltr'>and</span> <span class='ocrx_word' id='word_1_184' title='bbox 1372 3639 1526 3738; x_wconf 86' lang='lat' dir='ltr'>French,</span> <span class='ocrx_word' id='word_1_185' title='bbox 1547 3657 1591 3749; x_wconf 90' lang='lat' dir='ltr'>p.</span> <span class='ocrx_word' id='word_1_186' title='bbox 1614 3666 1707 3748; x_wconf 90' lang='lat'><strong>314.</strong></span> 
     </span>
    </p>

    <p class='ocr_par' dir='ltr' id='par_1_15' title="bbox 497 3759 1451 3874">
     <span class='ocr_line' id='line_1_25' title="bbox 497 3759 1451 3874; baseline 0 -30"><span class='ocrx_word' id='word_1_187' title='bbox 497 3763 565 3872; x_wconf 89' lang='lat'>48.</span> <span class='ocrx_word' id='word_1_188' title='bbox 595 3763 780 3845; x_wconf 89' lang='lat' dir='ltr'>Another</span> <span class='ocrx_word' id='word_1_189' title='bbox 798 3759 949 3871; x_wconf 83' lang='lat' dir='ltr'>against</span> <span class='ocrx_word' id='word_1_190' title='bbox 968 3760 1093 3843; x_wconf 81' lang='lat' dir='ltr'>excels</span> <span class='ocrx_word' id='word_1_191' title='bbox 1112 3759 1269 3860; x_wconf 85' lang='lat' dir='ltr'>indict,</span> <span class='ocrx_word' id='word_1_192' title='bbox 1290 3782 1334 3874; x_wconf 92' lang='lat' dir='ltr'>p.</span> <span class='ocrx_word' id='word_1_193' title='bbox 1357 3791 1451 3872; x_wconf 90' lang='grc'><strong>313.</strong></span> 
     </span>
    </p>

    <p class='ocr_par' dir='ltr' id='par_1_16' title="bbox 496 3881 1993 4122">
     <span class='ocr_line' id='line_1_26' title="bbox 496 3881 1993 3997; baseline 0.002 -29"><span class='ocrx_word' id='word_1_194' title='bbox 496 3917 564 3997; x_wconf 90' lang='lat'>49.</span> <span class='ocrx_word' id='word_1_195' title='bbox 595 3889 659 3968; x_wconf 89' lang='lat' dir='ltr'>De</span> <span class='ocrx_word' id='word_1_196' title='bbox 682 3901 812 3968; x_wconf 91' lang='lat' dir='ltr'>morte</span> <span class='ocrx_word' id='word_1_197' title='bbox 834 3882 935 3992; x_wconf 86' lang='lat' dir='ltr'>regis</span> <span class='ocrx_word' id='word_1_198' title='bbox 956 3881 1161 3982; x_wconf 90' lang='lat' dir='ltr'>Iohannis,</span> <span class='ocrx_word' id='word_1_199' title='bbox 1186 3914 1231 3968; x_wconf 84' lang='lat' dir='ltr'>ex</span> <span class='ocrx_word' id='word_1_200' title='bbox 1251 3883 1343 3970; x_wconf 86' lang='lat' dir='ltr'>libro</span> <span class='ocrx_word' id='word_1_201' title='bbox 1360 3887 1422 3968; x_wconf 88' lang='lat' dir='ltr'>cni</span> <span class='ocrx_word' id='word_1_202' title='bbox 1438 3885 1568 3968; x_wconf 85' lang='lat' dir='ltr'>titulus</span> <span class='ocrx_word' id='word_1_203' title='bbox 1586 3883 1631 3994; x_wconf 76' lang='grc' dir='ltr'>ςβ</span> <span class='ocrx_word' id='word_1_204' title='bbox 1654 3883 1842 3996; x_wconf 83' lang='lat' dir='ltr'>eulogium,</span> <span class='ocrx_word' id='word_1_205' title='bbox 1869 3903 1993 3971; x_wconf 80' lang='lat' dir='ltr'>autore</span> 
     </span>
     <span class='ocr_line' id='line_1_27' title="bbox 595 4007 1298 4122; baseline -0.003 -30"><span class='ocrx_word' id='word_1_206' title='bbox 595 4010 742 4122; x_wconf 83' lang='lat' dir='ltr'>quodam</span> <span class='ocrx_word' id='word_1_207' title='bbox 760 4007 923 4091; x_wconf 86' lang='lat' dir='ltr'>monacho</span> <span class='ocrx_word' id='word_1_208' title='bbox 940 4011 1118 4090; x_wconf 84' lang='lat' dir='ltr'>Cantuar.</span> <span class='ocrx_word' id='word_1_209' title='bbox 1139 4024 1182 4118; x_wconf 90' lang='lat' dir='ltr'>p.</span> <span class='ocrx_word' id='word_1_210' title='bbox 1204 4010 1298 4118; x_wconf 89' lang='grc'><strong>316.</strong></span> 
     </span>
    </p>

    <p class='ocr_par' dir='ltr' id='par_1_17' title="bbox 498 4127 1694 4245">
     <span class='ocr_line' id='line_1_28' title="bbox 498 4127 1694 4245; baseline -0.004 -30"><span class='ocrx_word' id='word_1_211' title='bbox 498 4161 565 4245; x_wconf 90' lang='grc'>30.</span> <span class='ocrx_word' id='word_1_212' title='bbox 596 4136 659 4215; x_wconf 90' lang='lat' dir='ltr'>De</span> <span class='ocrx_word' id='word_1_213' title='bbox 677 4129 830 4214; x_wconf 89' lang='lat' dir='ltr'>sedibus</span> <span class='ocrx_word' id='word_1_214' title='bbox 849 4127 1167 4240; x_wconf 87' lang='lat' dir='ltr'>metropolitanis</span> <span class='ocrx_word' id='word_1_215' title='bbox 1186 4161 1231 4212; x_wconf 85' lang='lat' dir='ltr'>ex</span> <span class='ocrx_word' id='word_1_216' title='bbox 1247 4131 1360 4214; x_wconf 85' lang='lat' dir='ltr'>eodem</span> <span class='ocrx_word' id='word_1_217' title='bbox 1378 4151 1514 4228; x_wconf 84' lang='lat' dir='ltr'>autore,</span> <span class='ocrx_word' id='word_1_218' title='bbox 1535 4147 1579 4240; x_wconf 93' lang='lat' dir='ltr'>p.</span> <span class='ocrx_word' id='word_1_219' title='bbox 1601 4129 1694 4240; x_wconf 88' lang='lat'><strong>318.</strong></span> 
     </span>
    </p>

    <p class='ocr_par' dir='ltr' id='par_1_18' title="bbox 498 4249 1992 4609">
     <span class='ocr_line' id='line_1_29' title="bbox 498 4249 1992 4368; baseline -0.001 -30"><span class='ocrx_word' id='word_1_220' title='bbox 498 4285 564 4368; x_wconf 92' lang='grc'>31.</span> <span class='ocrx_word' id='word_1_221' title='bbox 594 4253 823 4364; x_wconf 87' lang='lat' dir='ltr'>Registrum</span> <span class='ocrx_word' id='word_1_222' title='bbox 847 4249 1063 4336; x_wconf 86' lang='lat' dir='ltr'>taxationis</span> <span class='ocrx_word' id='word_1_223' title='bbox 1088 4252 1275 4338; x_wconf 88' lang='lat' dir='ltr'>omniurn</span> <span class='ocrx_word' id='word_1_224' title='bbox 1300 4255 1503 4336; x_wconf 92' lang='lat' dir='ltr'>bonorum</span> <span class='ocrx_word' id='word_1_225' title='bbox 1528 4250 1799 4363; x_wconf 89' lang='lat' dir='ltr'>spiritualium</span> <span class='ocrx_word' id='word_1_226' title='bbox 1823 4267 1861 4334; x_wconf 89' lang='lat' dir='ltr'>et</span> <span class='ocrx_word' id='word_1_227' title='bbox 1888 4269 1992 4337; x_wconf 87' lang='lat' dir='ltr'>tem·</span> 
     </span>
     <span class='ocr_line' id='line_1_30' title="bbox 591 4373 1990 4490; baseline -0.001 -29"><span class='ocrx_word' id='word_1_228' title='bbox 591 4375 793 4490; x_wconf 88' lang='lat' dir='ltr'>poralium</span> <span class='ocrx_word' id='word_1_229' title='bbox 814 4373 1111 4486; x_wconf 83' lang='lat' dir='ltr'>provinciarum</span> <span class='ocrx_word' id='word_1_230' title='bbox 1125 4379 1246 4458; x_wconf 91' lang='lat' dir='ltr'>Cant.</span> <span class='ocrx_word' id='word_1_231' title='bbox 1264 4393 1305 4458; x_wconf 90' lang='lat' dir='ltr'>et</span> <span class='ocrx_word' id='word_1_232' title='bbox 1322 4377 1444 4459; x_wconf 90' lang='lat' dir='ltr'>Ebor.</span> <span class='ocrx_word' id='word_1_233' title='bbox 1465 4405 1509 4458; x_wconf 79' lang='lat' dir='ltr'>ex</span> <span class='ocrx_word' id='word_1_234' title='bbox 1522 4374 1670 4484; x_wconf 83' lang='lat' dir='ltr'>registro</span> <span class='ocrx_word' id='word_1_235' title='bbox 1686 4376 1831 4486; x_wconf 77' lang='lat' dir='ltr'>ecclcfiae</span> <span class='ocrx_word' id='word_1_236' title='bbox 1844 4378 1990 4487; x_wconf 77' lang='lat' dir='ltr'>cicestr.</span> 
     </span>
     <span class='ocr_line' id='line_1_31' title="bbox 610 4501 951 4609; baseline -0.006 -26"><span class='ocrx_word' id='word_1_237' title='bbox 610 4501 770 4594; x_wconf 74' lang='lat'><strong>01262,</strong></span> <span class='ocrx_word' id='word_1_238' title='bbox 826 4560 835 4580; x_wconf 90' lang='lat'><strong>.</strong></span> <span class='ocrx_word' id='word_1_239' title='bbox 857 4527 951 4609; x_wconf 90' lang='lat'><strong>319.</strong></span> 
     </span>
    </p>

    <p class='ocr_par' dir='ltr' id='par_1_19' title="bbox 500 4501 1990 4744">
     <span class='ocr_line' id='line_1_32' title="bbox 500 4501 1990 4744; baseline -0.006 -34"><span class='ocrx_word' id='word_1_240' title='bbox 500 4501 914 4744; x_wconf 61' lang='grc'><strong>301111111101630111</strong></span> <span class='ocrx_word' id='word_1_241' title='bbox 932 4647 1046 4735; x_wconf 86' lang='lat' dir='ltr'>papae</span> <span class='ocrx_word' id='word_1_242' title='bbox 1061 4649 1100 4703; x_wconf 86' lang='lat' dir='ltr'>v.</span> <span class='ocrx_word' id='word_1_243' title='bbox 1120 4621 1168 4703; x_wconf 90' lang='lat' dir='ltr'>de</span> <span class='ocrx_word' id='word_1_244' title='bbox 1186 4619 1412 4732; x_wconf 86' lang='lat' dir='ltr'>quantitate</span> <span class='ocrx_word' id='word_1_245' title='bbox 1428 4617 1629 4704; x_wconf 71' lang='grc'><strong>(1161011110</strong></span> <span class='ocrx_word' id='word_1_246' title='bbox 1644 4615 1900 4702; x_wconf 89' lang='lat' dir='ltr'>denariorum</span> <span class='ocrx_word' id='word_1_247' title='bbox 1920 4645 1990 4729; x_wconf 90' lang='lat' dir='ltr'>per</span> 
     </span>
    </p>

    <p class='ocr_par' dir='ltr' id='par_1_20' title="bbox 1810 4740 1987 4850">
     <span class='ocr_line' id='line_1_33' title="bbox 1810 4740 1987 4850; baseline -0.006 -26"><span class='ocrx_word' id='word_1_248' title='bbox 1810 4740 1987 4850; x_wconf 82' lang='lat' dir='ltr'>fingulos</span> 
     </span>
    </p>
   </div>
   <div class='ocr_carea' id='block_1_3' title="bbox 492 5077 845 5288">
    <p class='ocr_par' dir='ltr' id='par_1_21' title="bbox 492 5077 845 5288">
     <span class='ocr_line' id='line_1_34' title="bbox 492 5077 845 5169; baseline -0.003 -19"><span class='ocrx_word' id='word_1_249' title='bbox 492 5080 563 5169; x_wconf 83' lang='grc'><strong>31.]</strong></span> <span class='ocrx_word' id='word_1_250' title='bbox 579 5081 650 5150; x_wconf 75' lang='lat' dir='ltr'>Vide</span> <span class='ocrx_word' id='word_1_251' title='bbox 664 5077 773 5146; x_wconf 88' lang='lat' dir='ltr'><strong>CXX.</strong></span> <span class='ocrx_word' id='word_1_252' title='bbox 793 5079 845 5148; x_wconf 80' lang='lat'>16.</span> 
     </span>
     <span class='ocr_line' id='line_1_35' title="bbox 493 5197 722 5288; baseline -0.017 -21"><span class='ocrx_word' id='word_1_253' title='bbox 493 5197 565 5288; x_wconf 79' lang='grc'><strong>31.]</strong></span> <span class='ocrx_word' id='word_1_254' title='bbox 581 5197 648 5266; x_wconf 81' lang='lat' dir='ltr'>ibid.</span> <span class='ocrx_word' id='word_1_255' title='bbox 669 5204 722 5284; x_wconf 62' lang='lat'>17⁶?</span> 
     </span>
    </p>
   </div>
   <div class='ocr_carea' id='block_1_4' title="bbox 0 0 2504 6260">
    <p class='ocr_par' dir='ltr' id='par_1_22' title="bbox 0 0 2504 6260">
     <span class='ocr_line' id='line_1_36' title="bbox 0 0 2504 6260; baseline 0 0"><span class='ocrx_word' id='word_1_256' title='bbox 0 0 2504 6260; x_wconf 95' lang='lat' dir='ltr'> </span> 
     </span>
    </p>
   </div>
  </div>
 </body>
</html>
