5054 6256
1110 567 1318 690 CXXI„
1895 609 1998 714 193

510 768 573 858 Hi
584 759 741 854 artinoli
757 755 923 855 nonnihil
932 757 1196 874 discrepantab
1208 755 1397 872 imprffs:
1415 758 1679 846 variationesa
1695 761 1850 874 versione
1857 769 2001 878 Aegle

456 923 551 976 eona
568 892 684 976 edidit
700 889 842 974 Burnet
857 883 1082 1025 [Expostlion
1096 913 1139 966 on
1156 883 1216 966 tbe
1236 912 1287 994 39
1299 881 1464 993 articles]
1472 883 1600 996 sedon
1615 885 1798 971 collatione
1809 889 2002 1006 nescioquo

455 1045 577 1098 errore
593 1015 754 1124 deceptus
771 1011 835 1094 vel
848 1039 919 1121 qua
936 1008 1078 1090 ratione
1094 1005 1267 1092 adunus
1285 1007 1365 1112 ustos
1382 1004 1429 1114 ql
1451 1008 1607 1116 versane
1624 1011 1746 1120 Angl
1728 1039 1838 1096 tonna
1853 1015 2000 1098 articu-

454 1139 570 1229 laruno
588 1139 631 1224 de
647 1134 773 1250 quibus
791 1134 959 1218 convenit
985 1131 1084 1214 inter
1100 1130 1305 1242 episcopos
1287 1159 1329 1212 on
1342 1129 1463 1242 priora
1459 1129 1611 1241 spnodo
1630 1149 1784 1245 tempore
1800 1137 1898 1246 regis
1915 1138 2000 1222 Ed-

447 1262 580 1354 «bardi
598 1265 664 1344 VI.
684 1263 739 1344 A.
751 1263 812 1346 D.
838 1281 958 1368 1552.
987 1251 1147 1336 Codicum
1162 1255 1352 1336 veroMS
1369 1283 1451 1336 cuno
1464 1251 1650 1336 editione
1631 1285 1672 1338 on
1691 1259 1826 1342 Concil.
1841 1260 1997 1344 Britan.

452 1385 526 1499 ipse
541 1383 735 1494 diligenter
752 1381 899 1476 contuli,
918 1395 956 1462 et
971 1377 1164 1460 variantes
1181 1377 1343 1460 uniones
1359 1376 1548 1476 adnotavi,
1572 1380 1656 1462 viz

508 1508 684 1592 Articulo
697 1505 807 1589 tertio
833 1503 1018 1588 adduntur
1034 1499 1112 1584 bac
1129 1499 1245 1584 verba
1271 1499 1382 1582 minio
1399 1517 1519 1582 tanen
1538 1498 1656 1612 postca
1674 1517 1812 1604 notata,
1844 1516 1871 1554 “
1860 1511 1996 1594 ‘Nam

454 1640 626 1741 “coopus
641 1629 744 1742 usone
762 1627 815 1710 ad
826 1624 1154 1770 reficerebbioneno
1136 1621 1404 1736 onsepulcbro
1376 1621 1517 1734 paruit,
1532 1621 1695 1734 spiritus
1711 1625 1841 1712 abillo
1858 1631 1996 1743 enusuo

454 1760 581 1834 “cuno
595 1749 804 1866 spiritubus
820 1750 885 1862 qui
911 1749 954 1832 in
973 1775 1117 1830 carcere
1135 1746 1248 1855 five
1231 1775 1272 1828 m
1295 1746 1439 1850 inferno
1454 1744 1708 1832 detinebantur
1720 1745 1872 1858 suits
1854 1783 1868 1834 r
1871 1755 1996 1868 llisque

454 1875 726 1988 “pradicavit
741 1871 1026 1985 quemadmodum
1042 1869 1194 1979 tosiatnr
1212 1869 1361 1952 Petril
1356 1897 1448 1952 ocus.

506 1997 700 2081 Articulus
725 1998 792 2080 VI.
823 1995 941 2079 Libri
972 1991 1195 2106 Apocrypba
1221 1991 1336 2075 aliter
1366 1993 1588 2105 recensentur
1616 2023 1723 2106 quarn
1753 1995 1795 2078 in
1826 1999 1993 2194 inpresis

449 2137 584 2286 nempe,

535 2233 731 2324 “Tertius
752 2257 788 2322 et
805 2260 957 2353 quartus
971 2225 1103 2349 Esdrae
1216 2235 1404 2348 “Juditb

534 2363 774 2473 “Sapientia
1210 2353 1387 2442 “Tobios

533 2483 761 2600 “Jesusstl
744 2515 801 2566 rus
820 2482 957 2594 Syrocb
1209 2491 1297 2562 “2.
1316 2480 1408 2562 libri
1426 2481 1766 2570 Macchabeorurn.”

502 2607 698 2692 Articulus
716 2611 805 2690 XV.
836 2617 862 2652 “
882 2605 994 2688 Venit
1008 2619 1052 2690 ut
1069 2633 1185 2715 agnus
1200 2603 1328 2716 absque
1344 2605 1487 2686 nacula
1505 2603 1620 2715 eset.’'

502 2731 697 2816 Attentos
712 2733 821 2814 XVI.
851 2739 878 2776 “
894 2731 960 2812 De
969 2745 1116 2840 peccato
1133 2729 1175 2810 in
1193 2724 1379 2838 spiritum
1397 2724 1599 2812 sanctum:
1629 2727 1761 2814 ultima
1777 2729 1855 2817 bac
1871 2725 1988 2819 vc'rba

449 2865 477 2902 “
492 2853 655 2938 delentur
672 2869 842 2936 eteorum
860 2851 929 2938 loco
942 2868 1129 2962 ponuntur
1144 2851 1245 2960 cfier
1261 2848 1469 2962 baptisme.”

502 2977 694 3060 Artoculus
705 2979 798 3060 XX
828 2974 1061 3057 Ornottuntur
1070 2975 1147 3054 bac
1159 2971 1320 3069 verba
1324 2969 1472 3062 Habet
1484 3001 1572 3054 ecc
1540 2973 1675 3086 lofin
1634 3007 1670 3057 ro
1674 2991 1731 3060 us
1735 2977 1820 3084 sve
1833 3008 1987 3064 ceremo-

448 3099 801 3224 “niasslatucndi
772 3128 840 3205 jus
858 3115 894 3178 et
911 3097 1054 3207 infidei
1069 3097 1312 3207 controversis
1329 3095 1583 3180 aubloritatcno
1602 3101 1806 3212 quamvis?

490 3203 659 3308 Articul
655 3252 695 3306 us
642 3223 837 3306 lXXV.
865 3216 979 3328 Posl‘
984 3219 1066 3330 sed
1067 3219 1378 3330 sacramentorum
1397 3218 1539 3302 eandem
1554 3221 1819 3363 anabaptismo
1835 3244 1986 3310 etcana

445 3348 643 3430 “Donoini
658 3345 834 3428 rationem
852 3372 919 3425 non
937 3341 1138 3440 habentes?
1158 3343 1366 3454 inseruntur
1382 3341 1458 3423 bac
1474 3342 1589 3426 verba
1604 3344 1717 3426 rninoo
1736 3365 1874 3446 notata,
1888 3368 1922 3432 et
1942 3369 1985 3450 ut

439 3467 602 3574 uidetur,
623 3497 668 3550 ex
685 3497 785 3550 nera
791 3463 929 3575 scriba
947 3465 1026 3548 hall
1021 3465 1257 3548 acinatione‘
1262 3464 1451 3576 ‘quomoda
1467 3493 1531 3546 nec
1541 3468 1799 3578 poenitentia.”

460 3681 463 3690 ,
495 3591 691 3674 Articulus
709 3591 902 3672 XXVIII.
921 3587 1054 3670 Princo
1073 3586 1319 3698 inserebantur
1337 3587 1415 3670 bac
1432 3585 1560 3686 verba,
1573 3589 1647 3700 sed
1654 3590 1771 3700 poslea
1789 3591 1902 3678 minio
1919 3623 1985 3678 no-

438 3732 535 3812 tota,
556 3733 592 3796 et
608 3742 775 3798 numerus
792 3713 969 3794 linearum
987 3739 1067 3821 qua
1084 3711 1126 3792 in
1142 3710 1212 3792 hac
1222 3711 1367 3820 pagina
1385 3711 1613 3794 continentur
1626 3713 1744 3823 smul
1757 3715 1982 3816 mutabatur,

438 3840 496 3919 ita
514 3857 556 3918 ut
572 3856 656 3918 ante
660 3835 955 3947 subscriptionem
974 3834 1107 3943 rosella
1125 3832 1311 3930 videntur,
1333 3843 1358 3878 “
1375 3835 1508 3944 Corpus
1523 3835 1659 3943 Chrisli
1670 3835 1784 3920 datur
1797 3841 1983 3950 accipitur

439 3959 729 4042 “manducatur
756 3958 798 4039 in
825 3985 924 4038 cana
950 3973 1124 4068 tanquam
1146 3953 1258 4056 celesli
1285 3973 1321 4037 et
1334 3955 1536 4064 spirituali
1561 3959 1723 4056 ratione3
1752 3959 1845 4041 Cbri
1871 3993 1910 4044 us
1939 3970 1980 4044 in

439 4091 465 4127 ‘¹
486 4082 596 4164 celum
614 4079 795 4193 fiendam
811 4077 953 4188 corpori
966 4079 1035 4190 fico
1063 4069 1370 4160 immortalitatem
1398 4077 1509 4176 dedit,
1537 4099 1710 4162 naturane
1735 4111 1804 4164 non
1821 4083 1978 4194 abslulit,

438 4216 464 4250 “
479 4205 648 4288 bumana
666 4203 760 4285 enirn
770 4220 917 4286 natura
925 4202 1132 4300 veritatem,
1141 4200 1260 4310 juxta
1266 4199 1509 4312 scripturam,
1523 4219 1695 4314 perpetuo
1712 4205 1858 4303 retinet,
1871 4238 1979 4320 quaen

439 4339 465 4394 ἰ’
484 4355 552 4410 uno
571 4344 607 4408 et
623 4327 764 4430 definito
783 4327 852 4408 loco
871 4323 944 4436 effe,
956 4343 992 4406 et
1009 4355 1076 4407 non
1095 4327 1136 4408 in
1153 4323 1268 4406 multa
1285 4324 1349 4406 vel
1362 4323 1601 4434 onniasrnul
1614 4325 1690 4408 loca
1700 4325 1858 4438 deffendi
1874 4348 1976 4440 opor-

438 4461 464 4495 “
482 4467 548 4532 tot.
603 4453 724 4560 Quum
743 4450 864 4560 igitur
882 4449 973 4530 Cbri
999 4478 1040 4528 us
1057 4451 1097 4528 in
1115 4444 1397 4559 celumsublatus
1419 4445 1474 4530 ibi
1491 4448 1595 4560 uspue
1614 4449 1665 4532 od
1666 4451 1783 4560 finem
1788 4451 1908 4562 ficuli
1924 4454 1976 4560 fit

437 4582 464 4618 “
478 4572 731 4684 permarfiorus
750 4591 856 4684 atque
873 4571 956 4653 inde
970 4601 1037 4652 non
1056 4572 1214 4667 aliunde,
1234 4587 1277 4652 ut
1291 4571 1452 4680 loquitur
1470 4571 1707 4682 Augustinus,
1739 4575 1977 4686 venturusstt

439 4705 465 4740 “
487 4697 540 4778 ad
550 4694 792 4804 judicandum
811 4695 916 4776 vivos
933 4711 969 4776 et
984 4711 1149 4792 mortuos,
1177 4722 1246 4774 non
1264 4691 1363 4774 debet
1380 4695 1564 4806 quisquam
1573 4695 1742 4804 fidelium
1760 4697 1883 4778 carnis
1902 4699 1976 4808 ejus

438 4829 465 4864 “
483 4819 720 4928 etsccngoinis
739 4817 867 4900 realem
885 4833 921 4898 et
939 4817 1165 4926 corporalem,
1179 4831 1221 4900 ut
1239 4815 1442 4928 loquuntur,
1450 4819 1683 4931 prasentiarn
1699 4819 1741 4902 in
1759 4819 1976 4932 eacbarislia
2026 4817 2028 4824 ’

438 4952 464 4987 “
484 4943 547 5026 vel
561 4943 702 5026 credere
719 4943 782 5026 vel
790 4939 994 5053 profiteri.”

1132 5061 1206 5144 Bb
1252 5037 1255 5044 ’
1483 4997 1486 5002 Ι
1882 5059 1976 5150 Tri-
