5058 6274
1180 767 1309 865 CCI.

652 950 980 1067 ““Deestsecanda
996 950 1140 1064 epssala
1159 949 1336 1062 AElsricr'.
1435 932 1439 942 ’
1529 977 1533 987 ·

561 1107 618 1160 20.
648 1081 697 1156 Be
713 1077 928 1182 gebaoeoum
949 1093 1126 1146 mannum.

559 1214 617 1267 ar.
651 1188 710 1260 To
726 1183 943 1288 gehaoeoum
960 1203 986 1282 -3
1004 1176 1179 1278 laepeoum.
1206 1215 1211 1224 ·

556 1318 614 1372 aa.
649 1294 697 1368 sse
713 1288 840 1366 callum
856 1309 1062 1385 cprttcnum
1081 1307 1270 1360 mannum..

559 1425 620 1500 23.
653 1398 902 1496 Nop’symbpa
918 1419 1074 1495 ppeofaa
1088 1393 1179 1498 laga.
1352 1507 1354 1513 Ι

558 1535 617 1602 24
651 1507 719 1603 hep
734 1538 766 1602 rs
780 1525 954 1608 eaogapef
969 1529 1138 1607 cyninges
1154 1518 1364 1606 gcpaeoness·

562 1639 621 1715 25·
654 1617 841 1719 angapef
856 1607 1024 1715 cyningef
1041 1631 1241 1716 gepaetmef.

656 1729 798 1835 Nempe
815 1723 907 1832 leges
924 1723 1055 1805 ciuiles
1071 1721 1308 1831 eccltstasticis
1328 1715 1494 1802 adnexa.

560 1844 626 1925 26.
657 1847 783 1952 Leges
804 1840 1026 1924 AEthelredi
1045 1842 1184 1952 regis..

562 1987 629 2072 27.
647 1965 724 2046 vDe
744 1959 942 2072 preceptis
963 1961 1145 2045 Domini.

562 2080 629 2163 28.
659 2083 723 2164 De
742 2079 848 2164 vitiis
870 2079 1174 2193 principalibus.-

563 2227 631 2310 ²9·
662 2205 726 2284 De
744 2200 981 2288 virtutibus.

561 2349 623 2422 3ο.
648 2319 888 2418 AE'Selfcanep
903 2345 1089 2426 crnyncgef
1106 2320 1306 2426 genabum-'J

564 2458 631 2538 31.
661 2433 726 2511 De
744 2429 1046 2530 christianitate,
1066 2431 1223 2516 Latine.

566 2575 632 2656 32.
663 2553 803 2633 Sermo
824 2550 996 2635 Latinus
1017 2551 1133 2661 cujus
1153 2549 1314 2634 rubrica
1332 2547 1588 2634 defideratur.
1706 2547 1710 2556 ’

569 2693 630 2767 33.
664 2665 730 2760 hep
746 2676 931 2772 ongmne’ss
948 2674 990 2744 be
1006 2673 1265 2770 chrpacnoome.

570 2804 636 2887 34.
667 2778 860 2862 Homelia
878 2779 994 2886 cujus
1015 2781 1255 2864 desrderatur
1275 2778 1446 2862 rubrica.

568 2922 636 3010 33.
668 2899 732 2980 De
756 2896 906 2982 vibone
925 2898 1034 2986 Isaiae
1054 2900 1264 3012 prophetae
1288 2925 1414 3010 quam
1437 2897 1537 2982 vidit
1556 2895 1671 3007 super
1690 2895 1833 2980 Iudam
1855 2911 1895 2978 et
1914 2899 2067 2993 Ierusa-

666 3016 760 3112 lem,
770 3017 920 3125 scilicet
938 3018 1015 3102 ioca
1033 3018 1197 3128 quadam
1215 3050 1260 3102 ex
1281 3019 1381 3127 Isaia
1397 3019 1573 3131 propheta
1593 3018 1735 3100 Latine
1754 3035 1790 3106 et
1810 3019 2000 3105 Saxonice.

571 3136 639 3246 36.
667 3138 801 3218 Verba
821 3137 1032 3222 Hierimiae
1052 3142 1273 3252 prophetae.

670 3259 942 3364 Defiderantur
975 3262 1140 3368 quadam
1163 3263 1269 3371 falia
1302 3261 1429 3372 quibus
1463 3261 1742 3346 continebantur
1769 3261 1934 3370 ctrtclufia
1965 3262 2071 3372 hrq'us

669 3378 829 3462 homelia
848 3399 884 3464 et
902 3381 1261 3494 initiamsequtntt's.

573 3524 639 3608 37.
670 3501 734 3580 De
752 3498 976 3608 septiformi
996 3501 1152 3612 spiritu.

575 3621 641 3730 38.
669 3621 735 3704 De
754 3621 988 3704 antichristo
1008 3625 1150 3706 Latine
1168 3643 1204 3707 et
1224 3627 1413 3740 Saxonice.
1440 3670 1445 3678 ·

574 3769 641 3851 39.
671 3741 866 3826 Homelia
883 3743 998 3851 cujus
1018 3745 1259 3830 desuleratur
1278 3749 1452 3831 rubrica.

573 3893 641 3970 40.
672 3862 863 3947 Homelia
882 3864 997 3972 cujus
1018 3866 1259 3950 desideratur
1278 3869 1449 3952 rubrica.

575 4013 644 4092 41.
674 3985 865 4070 Homelia
884 3985 1000 4094 cujus
1021 3986 1262 4072 desideratur
1283 3987 1456 4072 rubrica.

576 4134 645 4214 42.
676 4105 869 4190 Homolia
888 4106 1003 4215 cujus
1026 4107 1187 4192 rubrica
1205 4109 1323 4192 deest.

578 4257 647 4339 43.
678 4229 870 4312 Homeiia
890 4227 1006 4336 cujus
1027 4228 1269 4314 defideratur
1287 4228 1460 4314 rubrica.

580 4381 647 4458 44.
677 4353 811 4435 Verba
829 4349 1017 4439 Ezechiel
1031 4351 1246 4464 prophetae
1264 4354 1315 4435 de
1337 4349 1462 4464 pigris
1485 4365 1556 4433 aut
1576 4347 1728 4434 timidis
1748 4353 1810 4434 vel
1837 4352 2081 4464 negligenti·
2235 4333 2241 4349 ’

677 4473 752 4554 bus
772 4471 1011 4582 pastoribus.

509 4674 515 4682 ,
581 4619 650 4703 45.
680 4595 819 4674 Sermo
842 4591 950 4702 Lupi
976 4594 1028 4674 ad
1051 4594 1205 4702 Anglos
1235 4593 1400 4701 quando
1421 4589 1530 4675 Dani
1559 4592 1734 4676 maxime
1764 4589 1957 4704 persecuti
1987 4591 2081 4678 sunt

680 4741 746 4795 eos
779 4714 889 4824 quod
918 4711 998 4795 fuit
1027 4741 1137 4795 anno
1158 4715 1330 4796 :Mum
1360 4713 1410 4795 ab
1440 4711 1718 4794 incarnatione
1749 4711 1920 4798 Domini
1955 4715 2081 4798 nostri

681 4835 768 4917 Iesu
788 4833 950 4918 Christi.

512 5043 521 5060 ,
584 4960 653 5064 46.
683 4960 820 5039 Sermo
839 4957 961 5068 Lupi.

683 5079 860 5190 Stqrtitar
879 5079 1033 5164 alleato
1053 5107 1228 5166 cananum
1239 5073 1551 5192 acclaiaslicarum
1570 5077 1699 5188 legum,
1721 5077 1796 5162 &a
1819 5075 1883 5162 hac
1898 5075 2038 5159 ardiae.

1910 5229 1977 5311 47·
2008 5205 2085 5288 Be·
