4980 6264
506 725 534 818 8
1071 729 1077 756 ²
1243 716 1353 812 XV.

499 911 584 994 nina
601 910 780 1020 congruit,
808 935 871 991 nec
888 907 993 989 valde
1009 906 1056 988 ab
1073 935 1116 986 ea
1133 904 1334 1016 discrepem
1363 903 1474 985 aliter
1490 903 1537 988 ab
1554 907 1810 1022 exemplaribus
1838 913 2047 996 recentiori-

499 1033 564 1118 hus
578 1033 778 1131 dividitur,
799 1052 834 1115 et
853 1027 1336 1145 questionessaepiffi'mesemt
1352 1025 1517 1143 diverse.

959 1275 1136 1396 XVI.
1174 1263 1327 1396 Vide
1353 1279 1596 1400 XXVI.

1167 1531 1376 1648 XVII.

557 1702 670 1784 Codex
687 1701 969 1782 membranaceus
986 1700 1026 1782 in
1031 1697 1265 1810 fhlio,fi1cale
1282 1697 1342 1778 xii
1358 1715 1543 1796 exaratus,
1563 1727 1628 1810 quo
1640 1701 1886 1798 eontinentur,'

561 1843 597 1901 1.
626 1817 835 1900 Sermones
848 1817 1020 1898 CXXIV
1035 1812 1276 1925 [Augustini
1290 1811 1583 1930 Hipponenfis]
1600 1815 1643 1898 in
1655 1817 1907 1928 evangelium
1922 1815 2047 1904 saneti

625 1938 833 2022 Iohannis.
1526 2031 1530 2038 ¹

555 2087 595 2145 2.
623 2061 812 2172 Epistola
835 2059 1047 2172 [ejusdem]
1069 2063 1119 2144 ad
1139 2061 1392 2146 Dardanum.

554 2209 595 2291 3.
623 2185 762 2268 Sermo
780 2189 825 2267 Β.
846 2181 1121 2294 Ch'1ysostomi
1137 2182 1181 2266 in
1203 2183 1425 2267 Parascevee

1147 2427 1387 2544 XVIII.

552 2593 667 2674 Codex
685 2555 891 2674 chartaceue
908 2593 1000 2706 typis
1017 2591 1198 2702 impreffies
1213 2592 1370 2702 infolio,

551 2709 768 2820 Scriptores
789 2707 961 2790 historiae
979 2707 1141 2818 Angliae
1158 2706 1248 2818 post
1267 2710 1431 2806 Bedam,
1451 2703 1710 2790 Francofurti
1735 2709 1853 2794 1601.
2001 2773 2003 2778 .

1172 2891 1363 3062 xlx

547 3113 662 3197 Codex
679 3113 963 3196 membranaceus
977 3112 1133 3224 infolio,
1141 3111 1260 3225 seculo
1277 3111 1337 3192 xii
1353 3127 1539 3206 exaratus,
1561 3113 1753 3209 continens,

549 3233 721 3318 Decreta
739 3233 873 3316 lvonis
894 3228 1151 3314 Carnotenfis
1169 3226 1213 3310 in
1233 3244 1366 3336 partes
1387 3226 1468 3310 xvii
1488 3224 1714 3308 distributa.

548 3353 618 3434 Ad
619 3353 787 3460 frontem
806 3353 911 3460 hujus
930 3353 1062 3432 codicis
1079 3349 1247 3446 habetur,
1267 3349 1473 3458 catalogus
1493 3345 1735 3458 pontificum
1756 3349 2041 3443 Romanomm

492 3503 516 3556 a
538 3471 792 3554 Benedifiol
825 3476 875 3554 ad
896 3463 1133 3558 Honoriu'm
1153 3473 1207 3567 II,
1243 3485 1284 3553 et
1306 3469 1572 3553 continuatus
1594 3497 1707 3550 manu
1731 3471 1842 3580 paulo
1861 3477 2042 3560 neoterica

492 3595 542 3674 ad
562 3589 798 3674 Honorium
818 3595 890 3672 111.

546 3713 617 3796 Ad
631 3713 761 3792 calcem
779 3742 881 3809 vero,

555 3863 600 3936 1...
614 3833 797 3946 Epistola
817 3832 1011 3917 iohannis
1032 3831 1203 3946 episcopi
1228 3839 1278 3922 ad
1294 3837 1532 3922 Anselmum
1553 3834 1838 3924 Lemonecinae
1858 3837 2038 3940 ecclefiae,

613 3957 725 4066 quod
751 3953 875 4038 laicus
899 3955 971 4066 qui
994 3954 1126 4039 filium
1151 3953 1196 4037 in
1221 3959 1392 4044 articulo
1418 3958 1561 4044 mortis
1586 3955 1862 4071 bapfizaverit,
1895 3988 1919 4043 a
1941 3987 2040 4045 con·

611 4076 705 4186 juge
723 4075 790 4158 sua
807 4073 975 4188 separari
994 4103 1079 4158 non
1099 4075 1228 4158 debet.
1896 4089 1901 4100 '

548 4227 584 4281 2.
615 4199 813 4308 Qaedam
833 4195 1137 4310 constitutiones
1153 4198 1340 4308 Eugenii‚
1363 4199 1522 4288 Urbani
1538 4203 1591 4298 II,
1612 4195 1811 4284 Paschalis
1826 4201 1880 4296 11,
1901 4215 1942 4283 et
1961 4202 2041 4284 Ca-

616 4317 706 4404 lixti
724 4321 778 4405 II.
1895 4389 1898 4394 .

1812 4472 1849 4552 3.
1881 4445 2039 4526 Statuta

548 4743 677 4824 xvn.]
696 4745 759 4813 Vct.
778 4745 843 4809 Cat.
861 4741 900 4810 L.
918 4763 949 4830 5.
968 4745 1053 4828 Aegl.
1072 4745 1168 4812 MSS.
1188 4739 1390 4832 1403-126.

549 4837 911 4924 1.]Vz·eeeccx1.1v.
929 4859 982 4926 23.

548 4937 599 5018 2.]
617 4935 685 5001 Vide
700 4931 903 5000 CCCXXII.
923 4957 951 5000 1.

546 5029 694 5118 Νη]
708 5027 771 5102 ea.
790 5033 856 5102 eae.
873 5027 918 5097 D.
940 5049 988 5098 10.

544 5125 661 5212 XIX]
679 5127 741 5198 Va.
758 5131 825 5195 Cet.
844 5123 920 5191 Sub.
937 5123 982 5193 D.
1001 5125 1030 5192 8.
1048 5125 1144 5194 MSS.
1162 5127 1248 5210 Aegl.
1268 5123 1467 5214 1636-369.
