5058 6274
468 715 567 819 ³50
1107 615 1427 788 cccxxxi.

525 901 587 956 11.
616 873 754 958 Sermo
768 867 928 956 Eusebii
942 867 1136 958 Emissoni
1152 875 1203 957 dc
1216 899 1384 987 corpore
1402 889 1444 958 et
1458 867 1650 986 sanguine
1665 873 1851 976 Domini,
1864 895 1908 989 p.
1922 879 2015 990 348.

525 1023 588 1078 12.
615 993 795 1108 Epistola
814 993 1041 1078 Leodienfis
1062 993 1248 1108 episcopi,
1273 1012 1314 1106 p.
1330 1023 1350 1106 3
1359 1022 1424 1108 53.

526 1145 587 1226 ¹3·
618 1115 753 1199 Brevis
774 1113 969 1199 trafiiatus
988 1117 1038 1200 de
1057 1113 1308 1214 eucharistia,
1330 1135 1372 1229 p.
1387 1145 1408 1230 3
1415 1143 1439 1230 5
1444 1143 1482 1230 5.

525 1265 587 1344 14.
617 1236 803 1348 Qipliter
830 1235 1013 1322 Chn'stus
1039 1235 1082 1318 in
1112 1235 1360 1322 sacramento
1387 1237 1628 1324 eucharistie
1655 1237 1703 1324 sit
1726 1239 1868 1326 devote
1898 1239 2016 1326 susci-

616 1355 789 1472 piendus
808 1385 832 1442 a
850 1357 1033 1468 quolibet
1051 1356 1282 1456 christiano,
1303 1375 1345 1472 p.
1361 1387 1381 1469 3
1390 1359 1456 1470 58.

524 1507 587 1594 15.
617 1479 821 1564 Gennadii
841 1476 1074 1563 Maffilenfis
1093 1481 1299 1592 catalogus
1320 1481 1369 1564 de
1387 1481 1482 1566 vicis
1502 1479 1738 1580 illustribus,
1762 1497 1802 1594 p.
1816 1481 1910 1592 368.

526 1607 590 1688 16.
619 1601 757 1686 Isidori
777 1599 1017 1714 Hispalenfis
1038 1603 1245 1712 catalogus
1265 1601 1314 1686 de
1333 1600 1429 1686 viris
1449 1599 1683 1702 illustribus,
1708 1621 1749 1714 p.
1765 1601 1857 1709 380.

526 1751 588 1834 17.
617 1719 2014 1836 Traiiatusdevitaetmortosanctorumutriusquetestamenti,p.395.

619 1847 685 1927 Ex
703 1843 840 1940 verbis,
861 1870 941 1955 quae
955 1843 1133 1951 infronte
1150 1841 1255 1952 hujus
1271 1849 1679 1948 recommemorent,
1693 1863 1888 1958 perperam
1907 1847 2017 1930 intel·

618 1967 735 2066 lediis,
757 1969 876 2076 orosto
893 1966 1123 2050 attribuitur
1139 1985 1176 2050 et
1196 1968 1238 2050 in
1256 1967 1378 2052 indice
1394 1968 1501 2080 hujus
1519 1951 1653 2054 codicis
1671 1988 1707 2052 et
1725 1999 1751 2051 a
1771 1970 1830 2052 Gl.
1846 1971 2018 2078 Stanley:

619 2135 677 2155 -
696 2087 812 2172 verba
830 2107 951 2172 autem
968 2088 1045 2170 hac
1057 2085 1162 2196 sient,
1195 2100 1223 2138 “
1241 2091 1363 2197 Oresta
1380 2087 1528 2201 Uidari
1538 2093 1681 2200 salutes
1693 2090 1730 2172 .·''
1759 2091 1911 2174 multum
1925 2091 2020 2203 stine

620 2211 868 2295 hallucinatus
890 2209 936 2320 est
949 2209 1096 2319 scriba,
1126 2241 1170 2293 ea
1186 2229 1309 2295 tamen
1323 2213 1382 2320 fic
1399 2208 1464 2324 effl
1488 2213 1648 2324 legenda,
1680 2223 1706 2260 “
1728 2211 1846 2318 Oresio
1866 2213 2018 2312 liidorus

620 2335 852 2445 “salutem''
867 2335 968 2442 satis
995 2334 1121 2446 liquet,
1150 2352 1187 2416 et
1207 2333 1364 2444 proinde
1380 2352 1463 2445 opus
1489 2363 1558 2420 non
1577 2333 1695 2440 Oresio
1709 2335 1783 2446 sed
1798 2327 1929 2444 Isidoro
1956 2335 2018 2448 effe

617 2455 903 2539 attribuendum.

526 2577 588 2662 18.
618 2575 883 2660 Hieronimus
903 2576 953 2658 ad
973 2574 1145 2686 virgines
1165 2575 1215 2658 d‘e
1233 2573 1485 2661 continentia
1503 2573 1704 2688 virginali,
1728 2595 1771 2688 p.
1783 2575 1880 2684 408.

527 2729 590 2808 19.
619 2699 730 2781 Idem
752 2699 801 2780 ad
821 2698 1015 2778 Celanam
1036 2724 1120 2808 quo
1138 2695 1239 2804 juste
1257 2715 1297 2782 et
1315 2697 1416 2781 caste
1435 2695 1557 2796 vivat,
1580 2715 1624 2810 p.
1638 2725 1733 2803 421.

525 2847 592 2903 20.
620 2815 788 2927 Egidius
812 2815 1064 2928 [Romanus]
1085 2817 1135 2900 de
1154 2815 1401 2902 sacramento
1419 2817 1570 2919 altaris,
1592 2839 1634 2930 p.
1647 2847 1698 2930 43
1706 2847 1745 2930 3.

524 2967 589 3024 21.
618 2937 819 3021 Iohannes
839 2935 1089 3047 Taffyngton
1109 2937 1158 3020 de
1176 2933 1424 3025 sacramento
1444 2939 1593 3036 altaris,
1617 2958 1659 3049 p.
1676 2941 1724 3048 58
1731 2965 1767 3046 3.

620 3063 690 3148 Ad
690 3065 821 3174 finem,
853 3075 879 3110 “
900 3061 1075 3173 Explicit
1092 3061 1245 3172 corffeſjio
1264 3061 1434 3173 magistri
1451 3079 1488 3144 et
1492 3063 1644 3172 fratris
1662 3062 1834 3144 Iohannis
1848 3058 1888 3144 T
1881 3059 2019 3172 affing-

622 3199 649 3235 “
669 3207 730 3270 ton
748 3187 791 3268 de
809 3183 933 3268 ordine
952 3186 1144 3285 minorum,
1171 3203 1208 3268 et
1222 3185 1350 3296 sacra
1367 3183 1550 3294 theologice
1568 3183 1734 3278 dederis,
1762 3211 1870 3294 quam
1888 3183 2018 3279 edidit,

525 3377 539 3396 .
622 3319 650 3356 “
670 3309 765 3390 etin
772 3305 907 3418 scholis
910 3308 1091 3416 fratrum
1108 3307 1288 3388 minorum
1306 3305 1464 3388 Ouaniit
1480 3305 1748 3390 determinando
1761 3305 2019 3416 promulgavit

623 3429 726 3512 “ad
756 3427 1035 3514 declarationem
1068 3444 1104 3508 et
1135 3427 1362 3536 desertionem
1383 3425 1483 3538 fidei
1514 3425 1692 3508 ortodaxte
1723 3425 1766 3508 de
1789 3427 2021 3538 sacramento

544 3647 545 3651 5
624 3563 651 3600 “
672 3551 821 3648 altaris,
841 3579 920 3660 qua
933 3569 1003 3660 per
1007 3550 1150 3660 setiam
1166 3552 1498 3661 Berangariarum,
1511 3568 1627 3661 prout
1634 3556 1754 3659 sermo
1773 3551 1966 3648 recitavit,
1986 3567 2022 3632 et

627 3683 654 3720 “
661 3667 749 3780 jam
768 3673 865 3754 omni
882 3674 974 3756 clero
993 3675 1109 3756 Onon.
1129 3671 1301 3756 catholico
1321 3671 1496 3768 innotuit,
1520 3667 1718 3781 periculose
1735 3671 1925 3770 extiterat,
1955 3699 2024 3752 nan

627 3805 655 3842 “
674 3795 896 3876 auo‘loritate
913 3793 983 3899 sed
1007 3791 1237 3901 loquacitate,
1271 3821 1341 3876 non
1370 3791 1599 3901 argumentis
1627 3791 1691 3872 vel
1720 3791 1941 3874 concionibus
1956 3790 2030 3900 sed

627 3927 654 3965 “
667 3917 899 4026 promptuafis
932 3913 1179 4028 apertionibus
1217 3915 1443 4025 blasphemia
1476 3912 1706 4024 impugnata,
1745 3943 1839 4000 anno
1869 3911 2026 3998 Domini

623 4050 650 4088 “
670 4039 848 4145 millestmo
869 4059 956 4121 ccc
978 4037 1174 4146 oiiogefima
1187 4037 1324 4148 prima.

532 4185 597 4242 22.
627 4161 690 4242 De
709 4159 820 4270 penis
840 4179 879 4242 et
899 4157 1040 4271 culpis,
1064 4173 1106 4268 p.
1120 4159 1214 4268 613.

1025 4375 1470 4494 CCCXXXII.

533 4540 653 4626 Codex
671 4537 958 4624 membranaceus
978 4537 1019 4622 in
1039 4543 1108 4646 4‘⁰‚
1115 4535 1236 4652 stculo
1253 4538 1314 4619 xii
1318 4537 1499 4650 scriptus,
1521 4537 1561 4619 in
1580 4563 1646 4648 quo
1665 4536 1908 4632 continentur,
1981 4577 1988 4588 ·

1825 4681 1858 4737 1.
1890 4657 2028 4740 Sermo

537 4975 605 5056 1².]
622 4977 691 5046 Vide
707 4975 792 5058 supra
811 4995 842 5054 4.
877 4987 884 5012 ’

536 5083 602 5168 17.]
621 5087 689 5152 Vide
703 5082 958 5150 CCCXXXIX.
979 5105 1008 5171 3.
1025 5080 1273 5150 CCCCLXXI.
1294 5103 1321 5150 1.

527 5203 788 5288 *cccxxxnn
806 5206 868 5274 Vct.
888 5203 952 5269 Cot.
969 5205 1028 5269 W.
1051 5223 1075 5269 1.
1094 5205 1189 5272 MSS.
1205 5203 1288 5285 Ange
1310 5202 1510 5290 1567-300.
