5058 6274
505 717 604 815 gm

1116 913 1428 1032 CCLXV.

550 1071 669 1156 Codex
688 1067 976 1154 membranaceus
996 1066 1039 1150 iu
1057 1075 1127 1174 4⁸⁰,
1143 1075 1258 1179 seculo
1274 1073 1506 1184 tisoriptus,

551 1196 599 1273 In
620 1191 811 1301 protocollo
838 1187 996 1272 habetur
1009 1190 1143 1298 formu
1163 1195 1245 1276 voti
1262 1193 1443 1298 castitatis
1465 1223 1490 1274 a
1508 1191 1690 1274 monachis
1704 1193 1885 1302 faciendi
1910 1200 1952 1284 in
1979 1201 2055 1292 ba

490 1307 636 1392 verta.-
666 1321 694 1360 “
712 1309 800 1422 Ego
809 1309 948 1418 frater
971 1311 1023 1392 N
1033 1315 1210 1420 promitto
1230 1317 1314 1398 Deo
1334 1302 1560 1424 omnibusque
1572 1315 1719 1422 suntiis
1746 1318 1823 1426 ejus
1850 1321 2052 1430 cgiitatem

495 1443 522 1480 “
541 1432 700 1542 corporis
728 1433 800 1514 otei
812 1431 1013 1540 strunium
1034 1477 1309 1512 ---.-·-
1323 1434 1471 1518 duretu
1497 1451 1533 1515 et
1546 1437 1746 1540 sicunduou
1771 1442 1933 1526 ordinm
1960 1447 2054 1528 mihi

491 1565 522 1604 “
541 1555 791 1666 imponendum
796 1557 971 1664 servm,
992 1555 1287 1667 dominoprofiole
1304 1559 1462 1668 Wfflunu
1474 1555 1675 1665 prostrate?

548 1681 604 1758 Et
622 1707 732 1760 manu
750 1675 933 1759 neoterica
960 1675 1056 1760 liber
1067 1679 1127 1783 stc
1149 1678 1380 1788 inscribitur,
1412 1677 1580 1760 “Liber
1600 1681 1855 1788 petu'tentiulis
1874 1686 2048 1793 Egberti,

493 1797 606 1907 “qui
624 1817 710 1882 erut
726 1797 904 1907 episcopus
917 1799 1033 1882 Eur.
1039 1798 1218 1910 septimus
1235 1831 1262 1883 u
1276 1801 1451 1898 Paulino,
1472 1803 1537 1910 qui
1547 1800 1624 1911 post
1637 1831 1716 1886 eunt
1730 1804 1877 1912 primus
1889 1807 2047 1914 pallium

493 1925 522 1972 '⁸
540 1920 683 2030 accepit
699 1919 746 2000 ab
763 1917 1054 2029 opssolicafide,
1075 1949 1169 2004 auno
1174 1923 1330 2032 septimo
1349 1924 1448 2032 regis
1464 1923 1663 2033 Ceoitoiphi
1682 1929 1734 2006 A.
1749 1927 1808 2009 D.
1827 1931 1948 2034 73o.”

545 2041 687 2123 omnia
703 2057 825 2124 tanton
842 2069 924 2152 quae
941 2043 983 2124 iu
992 2041 1124 2152 priona
1146 2059 1259 2150 purte
1284 2043 1391 2150 hujus
1410 2045 1542 2126 codicis
1566 2061 1764 2126 occurrunt
1791 2043 1941 2127 uitione
1955 2045 2048 2156 fiunt

490 2159 655 2269 Egbtrto
668 2161 892 2248 tribuenda:
912 2193 980 2246 uon
994 2165 1118 2274 igitur
1131 2163 1179 2245 ub
1193 2195 1236 2247 re
1248 2168 1325 2246 erit
1333 2165 1476 2272 singula
1489 2165 1658 2246 breuiter
1669 2191 1896 2261 eruuntur,
1911 2167 2052 2273 torretſs

488 2297 533 2362 ut
551 2281 652 2366 haut
666 2313 755 2366 raro
772 2283 898 2370 auoit
915 2283 957 2367 in
967 2283 1155 2368 radicitus
1172 2285 1456 2397 autiqtu'oribus,
1474 2283 1621 2394 diffcil‘
1634 2283 1691 2388 stt
1705 2303 1773 2392 pro
1791 2283 1932 2390 deseHu
1948 2286 2046 2370 titu-

489 2401 604 2487 lorum
607 2406 722 2514 sotum
738 2407 868 2518 cuique
885 2405 1062 2504 tribuere,
1082 2407 1285 2516 diuersofw
1303 2412 1489 2490 tradatur
1507 2409 1560 2490 od
1574 2403 1935 2515 urtuffluseparm.

551 2553 586 2610 1.
614 2527 874 2612 Ammonitio
892 2524 1107 2638 spiritualis
1127 2527 1335 2628 dothinae,
1358 2552 1401 2640 p.
1416 2557 1455 2638 3.
1605 2625 1614 2642 ι

546 2669 586 2731 2.
615 2645 857 2730 Admonitio
875 2646 1058 2786 episcop!
1078 2647 1161 2731 vit.'
1184 2665 1225 2758 p.
1239 2677 1278 2754 4.
1802 2681 1806 2686 ·

548 2795 586 2875 3.
617 2769 797 2878 Epistola
817 2767 957 2852 Atbmi
977 2766 1107 2856 levitae
1129 2769 1217 2880 [ad]
1239 2766 1512 2872 AEpdheumum
1533 2764 1891 2878 archiopiscopatu,
1917 2785 1956 2880 p.
1969 2795 2009 2882 7.

543 2917 585 2992 4.
615 2889 794 3000 Epistola
815 2885 989 2972 Alcwini
1009 2891 1059 2973 ad
1077 2891 1334 2974 Eanbaldum
1356 2887 1716 3000 archiepiscopum,
1738 2905 1782 2999 p.
1801 2917 1865 2998 13.

445 3078 451 3084 .
547 3035 585 3118 ς.
616 3011 678 3092 De
696 3009 881 3096 dostrina
900 3032 940 3093 et
958 3011 1151 3123 exemplis
1170 3009 1490 3122 praepofitorum,
1514 3025 1556 3120 p.
1576 3033 1640 3120 17.
1723 3108 1731 3127 Ι

542 3131 584 3212 6.
612 3133 713 3246 Jura
730 3159 823 3245 quae
841 3129 1059 3215 sacerdotes
1079 3131 1226 3214 debent
1247 3131 1404 3224 habere,
1431 3148 1471 3239 p.
1485 3157 1552 3210 20.

529 3274 583 3362 ·7.
614 3247 903 3364 Excerptiones
928 3277 977 3334 ex
1006 3249 1119 3334 libris
1145 3249 1350 3334 canonicis
1370 3249 1447 3330 five
1474 3243 1658 3344 collofflo
1676 3269 1886 3331 canonum
1904 3242 2042 3332 conci·

612 3373 762 3458 liorum
782 3391 823 3456 et
841 3371 1071 3457 sanstorum
1091 3389 1269 3488 patrum,
1293 3390 1336 3480 p.
1350 3396 1417 3453 22.

612 3495 833 3602 Plerumque
845 3492 1061 3576 concordam
1074 3521 1155 3574 cum
1166 3491 1417 3604 compilatione
1431 3486 1613 3572 Echborto
1626 3483 1847 3596 Ebuucenfi
1854 3485 2044 3570 attributa

614 3616 655 3695 in
669 3619 792 3724 ptimo
812 3634 903 3698 tomo
924 3615 1156 3701 conciliorum
1177 3641 1321 3724 magna
1339 3611 1569 3696 Britannia.

545 3737 583 3819 8.
613 3737 828 3848 Excerptio
856 3739 905 3819 de
930 3735 1152 3820 canonibus
1182 3735 1477 3818 catholicorum
1507 3747 1683 3842 patrum,
1714 3727 1776 3810 vel
1804 3724 2040 3836 penitentia,

610 3859 674 3940 vel
693 3859 743 3940 ad
759 3855 978 3954 remedium
999 3854 1228 3940 animarum
1248 3853 1405 3938 domini
1425 3849 1617 3936 Echbeni
1631 3843 1916 3960 archiepiscopi
1930 3845 2041 3928 Ebo-

613 4007 714 4063 racae
734 3977 918 4076 civitatis,
944 3996 984 4089 p.
1000 4003 1065 4088 37.

611 4097 768 4187 Omniito
789 4101 966 4212 discrepat
985 4101 1062 4182 huc
1079 4099 1285 4208 compilatio
1303 4095 1351 4182 ab
1369 4097 1438 4178 iliu
1450 4093 1518 4202 sub
1535 4093 1649 4178 eodem
1657 4093 1749 4204 sert
1766 4089 1876 4174 titulo
1897 4088 1999 4172 editu
2015 4120 2042 4171 α

568 4251 572 4260 ’
611 4228 668 4308 CI.
694 4225 851 4306 Wlkins
880 4226 981 4308 iuter
1003 4221 1159 4304 concilia
1183 4225 1246 4303 M.
1262 4225 1313 4304 B.
1330 4217 1379 4300 ab
1396 4218 1471 4300 ulio
1497 4217 1650 4303 codice*
1674 4215 1782 4324 hujus
1803 4212 2040 4296 bibliotheca.

611 4349 664 4430 Ut
677 4346 764 4452 jam
784 4347 893 4428 innui
915 4343 1059 4456 dffcile
1076 4341 1122 4448 est
1140 4343 1258 4424 varia
1278 4341 1319 4423 in
1338 4339 1402 4422 huc
1418 4339 1536 4424 codice
1553 4354 1720 4422 contenta
1732 4333 1901 4448 propriis
1919 4335 2041 4418 titulis

1978 4486 2041 4538 on-

544 4807 731 4891 CCLXV.]
748 4809 801 4878 Ver
816 4809 884 4874 Cot.
901 4805 946 4874 K.
964 4827 995 4875 2.
1012 4805 1113 4876 MSS.
1129 4805 1215 4890 Argi.
1234 4801 1437 4890 1384-107.

547 4917 594 5004 3.]
613 4913 683 4984 Vide
698 4909 803 4976 CXC.
827 4931 877 4976 11.

542 5023 592 5106 4.]
610 5019 680 5090 Vide
695 5013 800 5084 CXC.
820 5035 869 5082 12.

545 5131 564 5172 ¹*
581 5121 686 5193 CXC.
