4980 6264
1063 731 1339 830 LXXXIV.
1937 767 2001 864 59

515 954 553 1034 9.
582 921 718 1008 Litera
733 919 890 1006 domini
909 918 1010 1032 regis
1028 919 1178 1004 dirodia
1203 915 1426 1030 justiciariis
1444 915 1522 1004 suis
1544 945 1620 1031 pro
1637 919 1889 1006 moderandis
1907 950 2003 1035 pro-

582 1044 847 1132 hibitionibus
867 1044 996 1154 regiis.

518 1196 580 1250 10.
609 1164 856 1250 constitutio
876 1170 930 1248 D.
952 1161 1126 1248 Simonis
1146 1163 1195 1246 de
1213 1160 1312 1274 Issep
1331 1165 1379 1244 de
1399 1159 1506 1246 festis
1524 1189 1767 1276 perannum
1791 1165 2000 1250 observan-

609 1288 684 1386 dis,
705 1290 803 1373 data
816 1287 925 1398 apud
941 1282 1188 1394 Maghefeld,
1209 1289 1260 1367 A.
1277 1289 1331 1367 D.
1355 1287 1472 1392 1362.

426 1499 430 1506 ,
517 1439 578 1494 11.
607 1405 922 1494 Constitutiones
942 1411 997 1491 D.
1013 1404 1176 1490 loannis
1194 1405 1243 1488 de
1262 1405 1461 1489 stratford
1478 1405 1771 1492 cantuariensis
1789 1407 1998 1522 archiepis-

607 1529 699 1642 copi
717 1529 845 1626 editae,
865 1533 916 1611 A.
934 1533 988 1612 D.
1011 1555 1112 1639 1342
1132 1525 1177 1612 in
1196 1526 1353 1615 ecclefia
1371 1531 1410 1611 S.
1428 1527 1544 1610 Pauli
1561 1531 1749 1614 London.

514 1681 576 1736 12.
606 1649 920 1734 Constitutiones
936 1656 990 1734 D.
1008 1651 1182 1733 Thomae
1198 1649 1395 1732 Arundell
1409 1648 1689 1762 archiepiscopi
1704 1648 1997 1736 Cantuarienhs

399 1776 402 1782 ’
606 1771 721 1854 oditae
739 1771 784 1854 in
803 1772 974 1856 concilio
993 1771 1228 1884 provinciali
1247 1773 1443 1854 celebrato
1464 1770 1648 1870 Oxoniis,
1669 1776 1721 1854 A.
1738 1777 1791 1856 D.
1819 1801 1934 1882 1407.
2108 1785 2110 1790 ’

514 1923 576 2006 13.
606 1893 924 1978 Constitutiones
958 1899 1012 1978 D.
1035 1893 1211 1976 Othonis
1245 1893 1469 2006 apostolicae
1505 1891 1601 1976 sodis
1639 1894 1760 2006 legati
1796 1893 1998 1982 celebratae

604 2015 842 2114 Londoniis,
862 2022 913 2098 A.
931 2020 985 2099 D.
1011 2043 1113 2126 1237
1134 2043 1230 2098 cum
1248 2015 1382 2126 gioffa.

513 2165 575 2244 14.
605 2137 921 2220 Constitutiones
942 2137 1142 2222 Ottoboni
1161 2137 1384 2248 apostolicae
1403 2135 1499 2220 sedis
1517 2137 1637 2247 legati
1654 2163 1749 2220 cum
1768 2135 1903 2246 glofi‘a.

513 2287 576 2368 15.
605 2257 922 2344 Constitutiones
947 2256 1207 2371 provinciales
1225 2257 1271 2346 in
1289 2259 1460 2344 concilio
1481 2259 1651 2344 Oxoniis
1669 2259 1866 2342 celebrato
1883 2257 1998 2343 oditae

605 2407 678 2490 per
696 2385 751 2464 D.
770 2381 1019 2493 Stephanum
1040 2381 1365 2464 Cantuariensem
1384 2379 1737 2494 archiepiscopum,
1764 2408 1881 2465 1222.

513 2505 575 2584 16.
605 2501 921 2585 Constitutiones
943 2507 997 2586 D.
1013 2500 1214 2586 Bonefacii
1231 2490 1510 2614 archiepiscopi
1527 2501 1821 2586 Cantuariensrs
1841 2502 1885 2586 in
1898 2529 1997 2586 con-

603 2622 696 2705 cilio
714 2617 942 2708 Westmon.

512 2769 575 2853 17.
604 2739 925 2827 Constitutiones
945 2745 994 2826 de
1012 2739 1203 2856 Redynge
1220 2742 1334 2828 editae
1360 2741 1507 2828 ibidem
1531 2772 1602 2855 per
1619 2741 1784 2826 fratrem
1802 2748 2000 2827 Ioannem

604 2865 776 2950 Pecham
795 2865 1121 2948 Cantuariensem
1138 2867 1489 2976 archiepiscopum.
1680 2897 1696 2971 j

510 2983 572 3068 18.
601 2985 916 3070 constitutiones
941 2992 995 3069 D.
1015 2985 1169 3069 Robert
1190 2989 1240 3086 de
1258 2985 1522 3098 Wynchelsey
1542 2987 1651 3098 apud
1675 2991 1842 3070 Merton
1865 2987 1994 3085 edita,

559 3139 562 3146 ⁴
604 3113 657 3190 A.
677 3113 731 3191 D.
756 3111 872 3220 1360.

346 3289 348 3296 .
511 3255 573 3336 19.
602 3227 919 3312 constitutiones
952 3230 1000 3310 de
1027 3229 1251 3312 Lamhethe
1276 3257 1348 3342 per
1374 3233 1429 3313 D.
1450 3228 1699 3341 Stephanum
1728 3231 1777 3314 de
1807 3234 1997 3340 Langton

604 3349 943 3464 archiepiscopum
961 3351 1302 3436 Cantuariensem.

508 3496 574 3551 20.
604 3471 920 3555 Constitutiones
947 3471 1080 3556 fratris
1101 3474 1264 3556 Ioannis
1285 3473 1486 3558 Peckham
1515 3472 1794 3586 archiepiscopi
1814 3477 1995 3555 Cantua·
2131 3539 2148 3564 .

604 3592 737 3676 riensrs
758 3595 866 3705 apud
885 3595 1108 3676 Lamhethe
1125 3595 1253 3693 editae,
1270 3603 1326 3678 A.
1346 3602 1400 3680 D.
1427 3596 1543 3676 1281.

508 3740 574 3796 21.
603 3707 920 3798 Constitutiones
945 3715 1177 3798 venerabilis
1203 3718 1327 3827 patris
1349 3721 1403 3800 D.
1421 3717 1604 3825 Symonis
1623 3717 1820 3827 Mepham
1845 3713 1995 3798 archie-

604 3835 772 4040 piscsspiI
781 3836 1067 4067 3021181111111111111
1103 3835 1148 3922 in
1183 3838 1353 3922 concilio
1391 3836 1626 3949 provinciali
1663 3841 1773 3951 apud
1808 3837 1996 3922 London.

507 4103 573 4160 22.
602 4077 917 4282 {osbstitutiones
934 4080 1193 4212 provinciales
1208 4083 1400 4168 Iohannis
1417 4079 1613 4166 Stratford
1630 4081 1746 4198 edita
1759 4080 1996 4178 Londoniis,

646 4263 655 4282 .
721 4227 873 4310 ·134²·

1056 4367 1381 4486 LXXXV.

504 4534 619 4622 Codex
637 4533 918 4620 membranaceus
933 4535 1090 4648 infolio,
1098 4537 1218 4652 ficiclo
1233 4539 1471 4656 sescuplus,
1491 4543 1533 4628 in
1551 4571 1616 4656 quo
1633 4539 1846 4634 continetur,

1388 4703 1392 4711 ·
1803 4648 1995 4742 Iohannis
2110 4732 2113 4739 .

509 4941 578 5026 15.]
594 4943 664 5009 Vide
678 4937 864 5010 CCLXXI.
882 4961 912 5010 2.

505 5041 700 5134 LXXXV.]
718 5051 782 5120 Vct.
799 5052 866 5118 eat.
879 5051 921 5118 L.
939 5070 970 5140 3.
987 5051 1084 5122 MSS.
1100 5053 1186 5140 Argi.
1205 5073 1398 5144 1401··124·

1173 5161 1263 5242 Ha
