4980 6264
504 725 568 826 1'0
1199 737 1309 831 XX.

491 921 591 1016 litas,
611 949 673 1002 nec
690 922 743 1004 ad
754 949 813 1004 eos
831 951 918 1032 potas
929 925 1213 1032 parliamentum
1223 923 1341 1034 polleo
1360 925 1574 1024 decreverit,
1581 925 1864 1040 stdsolommodo
1883 927 1935 1010 od
1940 931 2023 1037 peti
2025 976 2042 995 ·

491 1045 600 1128 tiones
628 1073 715 1153 quas
742 1045 802 1128 illo
827 1045 897 1157 opst>
922 1046 981 1128 die
1007 1067 1042 1128 et
1069 1049 1167 1130 inter
1183 1047 1424 1159 solemnitates
1452 1053 1686 1134 coronationis
1708 1053 1938 1136 commonitas
1962 1053 2043 1160 regi

493 1166 671 1248 obtulerit.

550 1295 677 1372 Omnes
692 1293 866 1372 orationes
884 1289 924 1372 in
942 1291 1010 1374 hac
1015 1291 1242 1402 solemnitate
1260 1293 1456 1376 recitanda
1474 1293 1533 1375 lsic
1550 1292 1727 1376 habentor
1744 1295 1871 1404 lingna
1881 1297 2042 1378 Gallica.

491 1412 561 1494 Ad
571 1415 737 1522 frontem
766 1414 869 1522 lstejm
895 1418 1075 1496 tradimus
1105 1415 1150 1524 est
1179 1415 1395 1499 illuminatio
1428 1414 1637 1522 nitidiſjinoo
1666 1419 1762 1524 regis
1779 1419 1870 1530 solio
1886 1419 2043 1532 fidentis

472 1535 650 1646 -episcopis
669 1553 703 1616 et
720 1537 948 1646 magnatibus
967 1537 1197 1620 circumdati.

1168 1783 1350 1896 XXI.

546 1951 662 2034 Codex
685 1951 968 2038 membranaceus
998 1955 1039 2037 in
1054 1955 1165 2066 solio,
1192 1957 1312 2038 literis
1335 1954 1543 2038 initialibus
1565 1953 1721 2066 copsofssis
1748 1955 1840 2036 libri
1863 1957 2042 2066 eleganter

489 2072 718 2171 illuminatis,
725 2075 842 2188 seculo
859 2078 928 2160 xiv
946 2097 1130 2176 exaratus,
1150 2080 1340 2178 continens,

551 2223 585 2278 1.
616 2196 827 2308 Ranulphi
846 2197 1024 2308 Higdeni
1045 2200 1379 2311 Polychronicon.
1399 2199 1468 2282 lib.
1488 2198 1557 2283 vii.

544 2319 834 2403 Praemittontur
863 2319 983 2404 index
1013 2321 1285 2433 alphabeticus
1317 2321 1408 2408 satis
1440 2323 1614 2434 amplus,
1648 2339 1689 2404 et
1718 2349 1868 2435 mappa
1896 2321 2040 2406 mundi

348 2523 350 2530 ,
473 2445 606 2550 forma
623 2444 723 2524 ovoli
735 2482 746 2538 ς
775 2444 923 2553 historia
939 2445 1127 2530 deducitur
1143 2477 1169 2527 a
1189 2447 1378 2558 Ranulpho
1395 2447 1497 2558 sesque
1512 2446 1566 2528 od
1576 2475 1711 2527 annum
1733 2473 1851 2556 1342,
1876 2465 1913 2528 et
1923 2445 2041 2557 postea

488 2565 719 2648 continuatur
735 2566 782 2648 ab
799 2568 872 2650 olio
890 2569 1037 2680 quodam
1056 2569 1109 2650 ad
1121 2599 1255 2652 annom
1281 2596 1398 2682 1377.

542 2691 608 2772 De
617 2687 685 2772 looc
708 2687 819 2799 nostro
843 2708 967 2774 autore
992 2693 1055 2802 qui
1078 2693 1175 2774 malo
1185 2771 1188 2778 ,
1190 2692 1271 2804 fide
1291 2712 1374 2802 opus
1391 2694 1529 2801 Rogeri
1545 2689 1724 2801 Cessrerfis
1740 2689 1978 2802 transcripsit,
2005 2707 2042 2772 et

480 2811 623 2922 profiso
641 2811 847 2922 evolgavit,
865 2813 952 2898 vide
970 2814 1174 2898 Wanleiurn
1190 2815 1292 2925 apud
1304 2819 1388 2898 Cot.
1408 2817 1526 2898 MSS.
1547 2815 1662 2898 Harl.
1689 2839 1808 2922 1707.

545 2961 582 3016 2.
612 2935 786 3016 Cronica
812 2935 918 3016 bona
937 2951 978 3016 et
995 2935 1275 3046 compendiosa
1294 2937 1343 3017 de
1361 2935 1519 3042 regibus
1541 2933 1700 3042 Angliae
1718 2949 1881 3015 tantum
1904 2960 1929 3014 a
1949 2937 2040 3016 Noe

486 3055 609 3165 usque
635 3056 684 3136 ad
709 3055 819 3138 hunc
843 3055 948 3138 diem
972 3057 1121 3168 [1367]
1146 3069 1173 3104 “
1189 3061 1270 3140 Noe
1280 3061 1444 3168 fuerunt
1462 3075 1535 3137 tres
1546 3057 1669 3166 filii?

543 3191 570 3225 “
592 3177 700 3284 Illam
719 3177 853 3263 librum
883 3191 909 3226 “
926 3181 1109 3264 Hernicos
1126 3183 1249 3262 Somer
1265 3179 1364 3264 dedit
1377 3179 1560 3291 Hospitoli
1573 3175 1703 3260 Sanni
1719 3177 1887 3260 Iohannis
1904 3171 2041 3260 Euan·

479 3301 614 3413 gelista
632 3301 897 3413 Cantabrigiae,
918 3303 1017 3412 cujus
1032 3303 1174 3404 anima
1178 3303 1404 3415 propitietur
1421 3303 1563 3384 Deus.''

1155 3541 1368 3660 XXII.

540 3717 654 3800 Codex
673 3715 956 3799 membranaceus
976 3715 1130 3828 infolio,
1139 3719 1260 3830 paulo
1276 3719 1355 3802 xiii
1370 3732 1555 3810 exaratus,
1575 3742 1640 3824 quo
1656 3711 1896 3805 continentur,

545 3867 588 3923 1.
610 3835 746 3920 Issdori
769 3836 1043 3950 [Hispalenfis,
1066 3839 1395 3950 On'ginumſsue]
1417 3833 1754 3943 Etimologiarum
1773 3831 1843 3916 lib.
1865 3857 1929 3914 xx.

542 3991 579 4048 a.
606 3965 900 4071 Fragmentum
913 3960 1109 4046 traCtatus
1124 3963 1172 4044 de
1186 3963 1442 4062 animalibus,
1461 3955 1602 4044 incesti
1616 3953 1784 4054 autoris,
1798 3953 2036 4064 consignaris.

542 4115 580 4199 3.
610 4083 749 4169 Isidori
770 4083 1050 4198 [Hispalenfis]
1075 4085 1307 4198 Synonima.
1816 4173 1820 4180 .

1736 4201 1890 4284 XXIII.
1922 4196 2039 4282 Codex

486 4389 2041 4438 Μ

538 4531 723 4626 xx1.]‘Va
739 4541 806 4607 Cot.
821 4537 860 4607 E.
876 4559 908 4624 4.
925 4539 1024 4607 MSS.
1042 4537 1128 4622 Argi.
1149 4557 1329 4626 1321-45.

531 4671 580 4756 s.]
596 4673 667 4743 Vide
681 4667 824 4738 CXVII.
841 4666 996 4735 CLXIV.
1014 4665 1165 4734 CCLIX.

537 4801 669 4889 XXIL]
687 4803 751 4875 Vct.
767 4803 838 4868 Cot.
854 4797 895 4866 L.
910 4819 944 4883 4.
961 4793 1059 4864 MSS.
1076 4795 1159 4881 Angl.
1181 4807 1384 4880 1402-125.

539 4934 589 5020 2.]
606 4934 677 5008 moe
688 4932 776 5002 LIII.
790 4950 825 5016 4.
842 4923 1060 4996 CCCLXIX.
1077 4947 1108 4994 2.

540 5069 589 5161 a]
606 5067 676 5143 moe
688 5054 938 5136 cccxuvul.
955 5075 987 5145 3.
