<?xml version="1.0" encoding="UTF-8"?>
<!DOCTYPE html PUBLIC "-//W3C//DTD XHTML 1.0 Transitional//EN"
    "http://www.w3.org/TR/xhtml1/DTD/xhtml1-transitional.dtd">
<html xmlns="http://www.w3.org/1999/xhtml" xml:lang="en" lang="en">
 <head>
  <title>
</title>
<meta http-equiv="Content-Type" content="text/html;charset=utf-8" />
  <meta name='ocr-system' content='tesseract 3.04.00' />
  <meta name='ocr-capabilities' content='ocr_page ocr_carea ocr_par ocr_line ocrx_word'/>
</head>
<body>
  <div class='ocr_page' id='page_1' title='image "./cataloguslibror00nasmgoog_0132.png"; bbox 0 0 5036 6264; ppageno 0'>
   <div class='ocr_carea' id='block_1_1' title="bbox 1171 771 2169 887">
    <p class='ocr_par' dir='ltr' id='par_1_1' title="bbox 1171 771 2169 887">
     <span class='ocr_line' id='line_1_1' title="bbox 1171 771 2169 887; baseline -0.018 -14"><span class='ocrx_word' id='word_1_1' title='bbox 1171 771 1275 873; x_wconf 84' lang='lat' dir='ltr'><em>CX.</em></span> <span class='ocrx_word' id='word_1_2' title='bbox 1931 790 2024 887; x_wconf 90' lang='lat'><em>117</em></span> <span class='ocrx_word' id='word_1_3' title='bbox 2167 829 2169 834; x_wconf 89' lang='lat'>-</span> 
     </span>
    </p>
   </div>
   <div class='ocr_carea' id='block_1_2' title="bbox 544 948 2033 1682">
    <p class='ocr_par' dir='ltr' id='par_1_2' title="bbox 546 948 2033 1200">
     <span class='ocr_line' id='line_1_2' title="bbox 546 948 2033 1083; baseline -0.02 -27"><span class='ocrx_word' id='word_1_4' title='bbox 546 997 583 1083; x_wconf 75' lang='grc' dir='ltr'><em>ς.</em></span> <span class='ocrx_word' id='word_1_5' title='bbox 612 973 757 1056; x_wconf 82' lang='lat' dir='ltr'><em>Literae</em></span> <span class='ocrx_word' id='word_1_6' title='bbox 787 991 886 1076; x_wconf 86' lang='lat' dir='ltr'><em>quas</em></span> <span class='ocrx_word' id='word_1_7' title='bbox 906 961 1072 1048; x_wconf 82' lang='lat' dir='ltr'>comites</span> <span class='ocrx_word' id='word_1_8' title='bbox 1092 977 1132 1042; x_wconf 87' lang='lat' dir='ltr'><em>et</em></span> <span class='ocrx_word' id='word_1_9' title='bbox 1152 959 1320 1040; x_wconf 85' lang='lat' dir='ltr'><em>barones</em></span> <span class='ocrx_word' id='word_1_10' title='bbox 1339 955 1497 1066; x_wconf 79' lang='lat' dir='ltr'><em>Angtiae</em></span> <span class='ocrx_word' id='word_1_11' title='bbox 1518 953 1708 1036; x_wconf 85' lang='lat' dir='ltr'><em>miserunt</em></span> <span class='ocrx_word' id='word_1_12' title='bbox 1728 948 1898 1034; x_wconf 89' lang='lat' dir='ltr'><em>domino</em></span> <span class='ocrx_word' id='word_1_13' title='bbox 1917 966 2033 1057; x_wconf 80' lang='lat' dir='ltr'><em>papae</em></span> 
     </span>
     <span class='ocr_line' id='line_1_3' title="bbox 613 1073 2032 1200; baseline -0.02 -26"><span class='ocrx_word' id='word_1_14' title='bbox 613 1094 727 1200; x_wconf 84' lang='lat' dir='ltr'><em>super</em></span> <span class='ocrx_word' id='word_1_15' title='bbox 760 1085 924 1196; x_wconf 85' lang='lat' dir='ltr'><em>negotio</em></span> <span class='ocrx_word' id='word_1_16' title='bbox 956 1085 1184 1178; x_wconf 87' lang='lat' dir='ltr'>Scotorum,</span> <span class='ocrx_word' id='word_1_17' title='bbox 1217 1083 1323 1162; x_wconf 81' lang='lat' dir='ltr'><em>datae</em></span> <span class='ocrx_word' id='word_1_18' title='bbox 1353 1079 1462 1190; x_wconf 88' lang='lat' dir='ltr'><em>apud</em></span> <span class='ocrx_word' id='word_1_19' title='bbox 1495 1076 1681 1158; x_wconf 90' lang='lat' dir='ltr'><em>Lincoln.</em></span> <span class='ocrx_word' id='word_1_20' title='bbox 1716 1100 1762 1154; x_wconf 87' lang='lat'><em>12</em></span> <span class='ocrx_word' id='word_1_21' title='bbox 1783 1073 1879 1154; x_wconf 82' lang='lat' dir='ltr'><em>Feb.</em></span> <span class='ocrx_word' id='word_1_22' title='bbox 1908 1074 1955 1150; x_wconf 82' lang='lat' dir='ltr'><em>A.</em></span> <span class='ocrx_word' id='word_1_23' title='bbox 1979 1073 2032 1148; x_wconf 89' lang='lat' dir='ltr'><em>D.</em></span> 
     </span>
    </p>

    <p class='ocr_par' dir='ltr' id='par_1_3' title="bbox 545 1224 2029 1557">
     <span class='ocr_line' id='line_1_4' title="bbox 545 1224 2029 1431; baseline -0.014 -18"><span class='ocrx_word' id='word_1_24' title='bbox 545 1336 583 1414; x_wconf 86' lang='lat'><em>6.</em></span> <span class='ocrx_word' id='word_1_25' title='bbox 613 1237 735 1412; x_wconf 60' lang='lat' dir='ltr'><em>diiii</em></span> <span class='ocrx_word' id='word_1_26' title='bbox 757 1224 950 1408; x_wconf 46' lang='grc'><strong>1111111111</strong></span> <span class='ocrx_word' id='word_1_27' title='bbox 975 1325 1027 1406; x_wconf 93' lang='lat' dir='ltr'><em>II.</em></span> <span class='ocrx_word' id='word_1_28' title='bbox 1058 1317 1142 1431; x_wconf 72' lang='lat' dir='ltr'><em>qui</em></span> <span class='ocrx_word' id='word_1_29' title='bbox 1171 1317 1348 1400; x_wconf 89' lang='lat' dir='ltr'><em>demittit</em></span> <span class='ocrx_word' id='word_1_30' title='bbox 1375 1317 1412 1397; x_wconf 88' lang='lat' dir='ltr'><em>se</em></span> <span class='ocrx_word' id='word_1_31' title='bbox 1440 1317 1488 1398; x_wconf 86' lang='lat' dir='ltr'><em>de</em></span> <span class='ocrx_word' id='word_1_32' title='bbox 1521 1315 1636 1400; x_wconf 88' lang='lat' dir='ltr'><em>omni</em></span> <span class='ocrx_word' id='word_1_33' title='bbox 1669 1283 1756 1421; x_wconf 82' lang='lat' dir='ltr'><em>jure</em></span> <span class='ocrx_word' id='word_1_34' title='bbox 1785 1312 1829 1396; x_wconf 90' lang='lat' dir='ltr'><em>in</em></span> <span class='ocrx_word' id='word_1_35' title='bbox 1859 1337 2029 1422; x_wconf 85' lang='lat' dir='ltr'><em>regnum</em></span> 
     </span>
     <span class='ocr_line' id='line_1_5' title="bbox 612 1452 942 1557; baseline -0.03 -22"><span class='ocrx_word' id='word_1_36' title='bbox 612 1452 767 1546; x_wconf 84' lang='lat' dir='ltr'><em>Scotiae,</em></span> <span class='ocrx_word' id='word_1_37' title='bbox 789 1467 831 1557; x_wconf 91' lang='lat' dir='ltr'><em>p.</em></span> <span class='ocrx_word' id='word_1_38' title='bbox 853 1470 942 1554; x_wconf 77' lang='lat'><em>153.</em></span> 
     </span>
    </p>

    <p class='ocr_par' dir='ltr' id='par_1_4' title="bbox 544 1556 1651 1682">
     <span class='ocr_line' id='line_1_6' title="bbox 544 1556 1651 1682; baseline -0.015 -26"><span class='ocrx_word' id='word_1_39' title='bbox 544 1601 583 1682; x_wconf 83' lang='lat'><em>7.</em></span> <span class='ocrx_word' id='word_1_40' title='bbox 612 1568 850 1654; x_wconf 71' lang='lat' dir='ltr'><em>Memoriali-2</em></span> <span class='ocrx_word' id='word_1_41' title='bbox 870 1563 1004 1648; x_wconf 84' lang='lat' dir='ltr'><em>fratris</em></span> <span class='ocrx_word' id='word_1_42' title='bbox 1025 1561 1196 1643; x_wconf 87' lang='lat' dir='ltr'><em>Walteri</em></span> <span class='ocrx_word' id='word_1_43' title='bbox 1216 1556 1265 1642; x_wconf 86' lang='lat' dir='ltr'><em>de</em></span> <span class='ocrx_word' id='word_1_44' title='bbox 1283 1563 1476 1642; x_wconf 81' lang='lat' dir='ltr'><em>Coventr.</em></span> <span class='ocrx_word' id='word_1_45' title='bbox 1495 1575 1539 1668; x_wconf 94' lang='lat' dir='ltr'><em>p.</em></span> <span class='ocrx_word' id='word_1_46' title='bbox 1561 1587 1576 1640; x_wconf 88' lang='lat'>1</span> <span class='ocrx_word' id='word_1_47' title='bbox 1586 1585 1608 1667; x_wconf 83' lang='lat'><em>5</em></span> <span class='ocrx_word' id='word_1_48' title='bbox 1615 1585 1651 1666; x_wconf 83' lang='lat'><em>5.</em></span> 
     </span>
    </p>
   </div>
   <div class='ocr_carea' id='block_1_3' title="bbox 491 1680 2029 1892">
    <p class='ocr_par' dir='ltr' id='par_1_5' title="bbox 491 1680 2029 1892">
     <span class='ocr_line' id='line_1_7' title="bbox 614 1680 1700 1793; baseline -0.013 -21"><span class='ocrx_word' id='word_1_49' title='bbox 614 1691 786 1772; x_wconf 82' lang='lat' dir='ltr'><em>Continet</em></span> <span class='ocrx_word' id='word_1_50' title='bbox 796 1684 1005 1793; x_wconf 80' lang='lat' dir='ltr'><em>solummodo</em></span> <span class='ocrx_word' id='word_1_51' title='bbox 1017 1683 1180 1792; x_wconf 85' lang='lat' dir='ltr'><em>priorem</em></span> <span class='ocrx_word' id='word_1_52' title='bbox 1192 1699 1340 1790; x_wconf 88' lang='lat' dir='ltr'><em>partem</em></span> <span class='ocrx_word' id='word_1_53' title='bbox 1359 1680 1411 1760; x_wconf 82' lang='lat' dir='ltr'><em>ad</em></span> <span class='ocrx_word' id='word_1_54' title='bbox 1425 1709 1560 1760; x_wconf 90' lang='lat' dir='ltr'><em>annum</em></span> <span class='ocrx_word' id='word_1_55' title='bbox 1584 1704 1700 1786; x_wconf 84' lang='lat'>115²·</span> 
     </span>
     <span class='ocr_line' id='line_1_8' title="bbox 491 1793 2029 1892; baseline -0.014 2"><span class='ocrx_word' id='word_1_56' title='bbox 491 1793 1969 1892; x_wconf 77' lang='lat' dir='ltr'>**CHRONICACENOBlts.sW1THUN1W1NTON*</span> <span class='ocrx_word' id='word_1_57' title='bbox 2003 1797 2029 1844; x_wconf 75' lang='lat'><em>⁴*</em></span> 
     </span>
    </p>
   </div>
   <div class='ocr_carea' id='block_1_4' title="bbox 477 1915 2039 4675">
    <p class='ocr_par' dir='ltr' id='par_1_6' title="bbox 477 1915 2039 3958">
     <span class='ocr_line' id='line_1_9' title="bbox 544 1915 2038 2026; baseline -0.01 -12"><span class='ocrx_word' id='word_1_58' title='bbox 544 1937 649 2014; x_wconf 90' lang='lat' dir='ltr'><em>Nota</em></span> <span class='ocrx_word' id='word_1_59' title='bbox 680 1930 735 2012; x_wconf 87' lang='lat' dir='ltr'><em>ad</em></span> <span class='ocrx_word' id='word_1_60' title='bbox 761 1927 925 2020; x_wconf 87' lang='lat' dir='ltr'><em>initium,</em></span> <span class='ocrx_word' id='word_1_61' title='bbox 961 1935 986 1970; x_wconf 89' lang='lat'><strong>“</strong></span> <span class='ocrx_word' id='word_1_62' title='bbox 1007 1919 1287 2004; x_wconf 84' lang='lat' dir='ltr'><em>Memoraadum</em></span> <span class='ocrx_word' id='word_1_63' title='bbox 1315 1921 1416 2026; x_wconf 84' lang='lat' dir='ltr'><em>apud</em></span> <span class='ocrx_word' id='word_1_64' title='bbox 1442 1918 1626 2026; x_wconf 83' lang='lat' dir='ltr'><em>collegium</em></span> <span class='ocrx_word' id='word_1_65' title='bbox 1657 1918 1846 2006; x_wconf 61' lang='lat' dir='ltr'><em>,Gunaoelli</em></span> <span class='ocrx_word' id='word_1_66' title='bbox 1877 1937 1912 1998; x_wconf 86' lang='lat' dir='ltr'><em>et</em></span> <span class='ocrx_word' id='word_1_67' title='bbox 1946 1915 2038 2000; x_wconf 87' lang='lat' dir='ltr'><em>Caii</em></span> 
     </span>
     <span class='ocr_line' id='line_1_10' title="bbox 491 2037 2038 2147; baseline -0.01 -12"><span class='ocrx_word' id='word_1_68' title='bbox 491 2067 517 2103; x_wconf 90' lang='lat'><strong>“</strong></span> <span class='ocrx_word' id='word_1_69' title='bbox 537 2051 691 2134; x_wconf 85' lang='lat' dir='ltr'><em>habetur</em></span> <span class='ocrx_word' id='word_1_70' title='bbox 724 2077 833 2129; x_wconf 90' lang='lat' dir='ltr'><em>unum</em></span> <span class='ocrx_word' id='word_1_71' title='bbox 866 2047 1030 2126; x_wconf 85' lang='lat' dir='ltr'><em>uolumen</em></span> <span class='ocrx_word' id='word_1_72' title='bbox 1047 2044 1133 2146; x_wconf 82' lang='lat' dir='ltr'><em>flue</em></span> <span class='ocrx_word' id='word_1_73' title='bbox 1160 2043 1282 2122; x_wconf 88' lang='lat' dir='ltr'><em>rotula</em></span> <span class='ocrx_word' id='word_1_74' title='bbox 1313 2043 1352 2121; x_wconf 91' lang='lat' dir='ltr'><em>in</em></span> <span class='ocrx_word' id='word_1_75' title='bbox 1377 2057 1593 2146; x_wconf 88' lang='lat' dir='ltr'><em>pergameno</em></span> <span class='ocrx_word' id='word_1_76' title='bbox 1612 2039 1812 2147; x_wconf 83' lang='lat' dir='ltr'><em>scriptum,</em></span> <span class='ocrx_word' id='word_1_77' title='bbox 1846 2037 1972 2120; x_wconf 87' lang='lat' dir='ltr'><em>datum</em></span> <span class='ocrx_word' id='word_1_78' title='bbox 2007 2071 2038 2120; x_wconf 89' lang='lat' dir='ltr'><em>a·</em></span> 
     </span>
     <span class='ocr_line' id='line_1_11' title="bbox 490 2157 2031 2272; baseline -0.008 -18"><span class='ocrx_word' id='word_1_79' title='bbox 490 2186 516 2220; x_wconf 90' lang='lat'><strong>“</strong></span> <span class='ocrx_word' id='word_1_80' title='bbox 538 2172 692 2254; x_wconf 81' lang='lat' dir='ltr'><em>Rabcrta</em></span> <span class='ocrx_word' id='word_1_81' title='bbox 711 2173 819 2248; x_wconf 89' lang='lat' dir='ltr'><em>Harc</em></span> <span class='ocrx_word' id='word_1_82' title='bbox 836 2167 1019 2272; x_wconf 87' lang='lat' dir='ltr'><em>armigero</em></span> <span class='ocrx_word' id='word_1_83' title='bbox 1044 2163 1105 2244; x_wconf 87' lang='lat' dir='ltr'><em>illi</em></span> <span class='ocrx_word' id='word_1_84' title='bbox 1124 2161 1267 2269; x_wconf 85' lang='lat' dir='ltr'><em>collegio</em></span> <span class='ocrx_word' id='word_1_85' title='bbox 1281 2163 1335 2242; x_wconf 91' lang='lat' dir='ltr'><em>A.</em></span> <span class='ocrx_word' id='word_1_86' title='bbox 1351 2163 1408 2242; x_wconf 90' lang='lat' dir='ltr'><em>D.</em></span> <span class='ocrx_word' id='word_1_87' title='bbox 1431 2157 1546 2265; x_wconf 84' lang='lat'><em>1568.</em></span> <span class='ocrx_word' id='word_1_88' title='bbox 1604 2162 1659 2240; x_wconf 87' lang='lat' dir='ltr'><em>Et</em></span> <span class='ocrx_word' id='word_1_89' title='bbox 1684 2160 1761 2238; x_wconf 83' lang='lat' dir='ltr'><em>hac</em></span> <span class='ocrx_word' id='word_1_90' title='bbox 1782 2159 1904 2239; x_wconf 86' lang='lat' dir='ltr'><em>rotula</em></span> <span class='ocrx_word' id='word_1_91' title='bbox 1924 2179 2031 2268; x_wconf 87' lang='lat' dir='ltr'><em>pra-</em></span> 
     </span>
     <span class='ocr_line' id='line_1_12' title="bbox 490 2281 2033 2401; baseline -0.006 -27"><span class='ocrx_word' id='word_1_92' title='bbox 490 2295 640 2401; x_wconf 87' lang='lat' dir='ltr'><em>“cipue</em></span> <span class='ocrx_word' id='word_1_93' title='bbox 668 2293 811 2372; x_wconf 76' lang='lat' dir='ltr'><em>tractu</em></span> <span class='ocrx_word' id='word_1_94' title='bbox 839 2288 880 2368; x_wconf 88' lang='lat' dir='ltr'><em>de</em></span> <span class='ocrx_word' id='word_1_95' title='bbox 906 2285 1045 2388; x_wconf 80' lang='lat' dir='ltr'><em>ecclesa</em></span> <span class='ocrx_word' id='word_1_96' title='bbox 1072 2283 1318 2388; x_wconf 77' lang='lat' dir='ltr'><em>Wiutom&#39;ufi,</em></span> <span class='ocrx_word' id='word_1_97' title='bbox 1347 2281 1508 2389; x_wconf 83' lang='lat' dir='ltr'><em>quomoda</em></span> <span class='ocrx_word' id='word_1_98' title='bbox 1537 2281 1680 2386; x_wconf 86' lang='lat' dir='ltr'><em>incepta</em></span> <span class='ocrx_word' id='word_1_99' title='bbox 1705 2285 1817 2362; x_wconf 72' lang='lat' dir='ltr'><em>aucta</em></span> <span class='ocrx_word' id='word_1_100' title='bbox 1845 2299 1880 2363; x_wconf 91' lang='lat' dir='ltr'><em>et</em></span> <span class='ocrx_word' id='word_1_101' title='bbox 1908 2286 2033 2365; x_wconf 87' lang='lat' dir='ltr'><em>variis</em></span> 
     </span>
     <span class='ocr_line' id='line_1_13' title="bbox 489 2399 2032 2520; baseline -0.006 -25"><span class='ocrx_word' id='word_1_102' title='bbox 489 2427 515 2463; x_wconf 87' lang='lat'><strong>“</strong></span> <span class='ocrx_word' id='word_1_103' title='bbox 536 2411 752 2520; x_wconf 85' lang='lat' dir='ltr'><em>temporibus</em></span> <span class='ocrx_word' id='word_1_104' title='bbox 770 2437 799 2514; x_wconf 87' lang='lat' dir='ltr'><em>a</em></span> <span class='ocrx_word' id='word_1_105' title='bbox 814 2407 964 2512; x_wconf 85' lang='lat' dir='ltr'><em>diuerfis</em></span> <span class='ocrx_word' id='word_1_106' title='bbox 981 2399 1262 2496; x_wconf 85' lang='lat' dir='ltr'><em>habitatoribus,</em></span> <span class='ocrx_word' id='word_1_107' title='bbox 1286 2401 1491 2510; x_wconf 76' lang='lat' dir='ltr'><em>quandoque</em></span> <span class='ocrx_word' id='word_1_108' title='bbox 1506 2401 1687 2484; x_wconf 81' lang='lat' dir='ltr'><em>monachis</em></span> <span class='ocrx_word' id='word_1_109' title='bbox 1707 2402 1911 2512; x_wconf 84' lang='lat' dir='ltr'><em>quandoque</em></span> <span class='ocrx_word' id='word_1_110' title='bbox 1922 2407 2032 2514; x_wconf 82' lang='lat' dir='ltr'><em>steu-</em></span> 
     </span>
     <span class='ocr_line' id='line_1_14' title="bbox 489 2523 2034 2639; baseline -0.005 -27"><span class='ocrx_word' id='word_1_111' title='bbox 489 2545 516 2582; x_wconf 88' lang='lat'><strong>“</strong></span> <span class='ocrx_word' id='word_1_112' title='bbox 535 2531 676 2612; x_wconf 89' lang='lat' dir='ltr'><em>laribus</em></span> <span class='ocrx_word' id='word_1_113' title='bbox 694 2527 891 2625; x_wconf 87' lang='lat' dir='ltr'><em>canonicis,</em></span> <span class='ocrx_word' id='word_1_114' title='bbox 908 2543 943 2606; x_wconf 88' lang='lat' dir='ltr'><em>ct</em></span> <span class='ocrx_word' id='word_1_115' title='bbox 963 2524 1080 2632; x_wconf 82' lang='lat' dir='ltr'><em>refert</em></span> <span class='ocrx_word' id='word_1_116' title='bbox 1095 2523 1209 2604; x_wconf 87' lang='lat' dir='ltr'><em>ctiam</em></span> <span class='ocrx_word' id='word_1_117' title='bbox 1225 2550 1413 2604; x_wconf 88' lang='lat' dir='ltr'><em>numerum</em></span> <span class='ocrx_word' id='word_1_118' title='bbox 1429 2550 1618 2616; x_wconf 86' lang='lat' dir='ltr'><em>annorum,</em></span> <span class='ocrx_word' id='word_1_119' title='bbox 1638 2549 1704 2629; x_wconf 90' lang='lat' dir='ltr'><em>qua</em></span> <span class='ocrx_word' id='word_1_120' title='bbox 1720 2539 1875 2630; x_wconf 86' lang='lat' dir='ltr'><em>tempore</em></span> <span class='ocrx_word' id='word_1_121' title='bbox 1888 2527 2034 2639; x_wconf 86' lang='lat' dir='ltr'><em>quisque</em></span> 
     </span>
     <span class='ocr_line' id='line_1_15' title="bbox 491 2643 2039 2755; baseline -0.003 -22"><span class='ocrx_word' id='word_1_122' title='bbox 491 2667 517 2701; x_wconf 92' lang='lat'><strong>“</strong></span> <span class='ocrx_word' id='word_1_123' title='bbox 539 2683 606 2733; x_wconf 82' lang='lat' dir='ltr'><em>rex</em></span> <span class='ocrx_word' id='word_1_124' title='bbox 632 2671 710 2732; x_wconf 90' lang='lat' dir='ltr'><em>turn</em></span> <span class='ocrx_word' id='word_1_125' title='bbox 734 2649 930 2730; x_wconf 87' lang='lat' dir='ltr'><em>Britonum</em></span> <span class='ocrx_word' id='word_1_126' title='bbox 958 2673 1065 2752; x_wconf 80' lang='lat' dir='ltr'><em>quam</em></span> <span class='ocrx_word' id='word_1_127' title='bbox 1096 2643 1356 2726; x_wconf 85' lang='lat' dir='ltr'><em>Saxonicorum</em></span> <span class='ocrx_word' id='word_1_128' title='bbox 1385 2662 1495 2746; x_wconf 88' lang='lat' dir='ltr'><em>atque</em></span> <span class='ocrx_word' id='word_1_129' title='bbox 1525 2646 1822 2724; x_wconf 88' lang='lat' dir='ltr'><em>Narmanuarum</em></span> <span class='ocrx_word' id='word_1_130' title='bbox 1851 2647 2039 2755; x_wconf 80' lang='lat' dir='ltr'><em>casquead</em></span> 
     </span>
     <span class='ocr_line' id='line_1_16' title="bbox 491 2761 2032 2878; baseline -0.005 -24"><span class='ocrx_word' id='word_1_131' title='bbox 491 2787 517 2821; x_wconf 90' lang='lat'><strong>“</strong></span> <span class='ocrx_word' id='word_1_132' title='bbox 538 2771 742 2854; x_wconf 84' lang='lat' dir='ltr'><em>chrc‘cum</em></span> <span class='ocrx_word' id='word_1_133' title='bbox 770 2767 935 2878; x_wconf 82' lang='lat' dir='ltr'><em>quintum</em></span> <span class='ocrx_word' id='word_1_134' title='bbox 961 2765 1067 2873; x_wconf 86' lang='lat' dir='ltr'><em>cepit.</em></span> <span class='ocrx_word' id='word_1_135' title='bbox 1125 2763 1258 2870; x_wconf 85' lang='lat' dir='ltr'><em>Refert</em></span> <span class='ocrx_word' id='word_1_136' title='bbox 1281 2763 1392 2842; x_wconf 90' lang='lat' dir='ltr'><em>etiam</em></span> <span class='ocrx_word' id='word_1_137' title='bbox 1416 2762 1593 2868; x_wconf 84' lang='lat' dir='ltr'><em>originem</em></span> <span class='ocrx_word' id='word_1_138' title='bbox 1616 2761 1812 2842; x_wconf 80' lang='lat' dir='ltr'><em>academice</em></span> <span class='ocrx_word' id='word_1_139' title='bbox 1831 2765 2032 2850; x_wconf 86' lang='lat' dir='ltr'><em>Cantabri-</em></span> 
     </span>
     <span class='ocr_line' id='line_1_17' title="bbox 489 2884 2036 3002; baseline -0.002 -28"><span class='ocrx_word' id='word_1_140' title='bbox 489 2907 516 2942; x_wconf 87' lang='lat'><strong>“</strong></span> <span class='ocrx_word' id='word_1_141' title='bbox 533 2891 675 3002; x_wconf 72' lang='lat' dir='ltr'><em>gierfis,</em></span> <span class='ocrx_word' id='word_1_142' title='bbox 704 2891 790 2972; x_wconf 86' lang='lat' dir='ltr'><em>viz.</em></span> <span class='ocrx_word' id='word_1_143' title='bbox 812 2887 989 2995; x_wconf 82' lang='lat' dir='ltr'><em>originem</em></span> <span class='ocrx_word' id='word_1_144' title='bbox 1007 2885 1155 2968; x_wconf 83' lang='lat' dir='ltr'><em>tradens</em></span> <span class='ocrx_word' id='word_1_145' title='bbox 1174 2913 1199 2964; x_wconf 90' lang='lat' dir='ltr'><em>a</em></span> <span class='ocrx_word' id='word_1_146' title='bbox 1219 2884 1419 2977; x_wconf 87' lang='lat' dir='ltr'><em>Cantabro,</em></span> <span class='ocrx_word' id='word_1_147' title='bbox 1438 2885 1513 2966; x_wconf 70' lang='lat' dir='ltr'><em>&amp;a</em></span> <span class='ocrx_word' id='word_1_148' title='bbox 1542 2884 1642 2988; x_wconf 78' lang='lat' dir='ltr'><em>etesi</em></span> <span class='ocrx_word' id='word_1_149' title='bbox 1668 2884 1776 2965; x_wconf 87' lang='lat' dir='ltr'><em>aliud</em></span> <span class='ocrx_word' id='word_1_150' title='bbox 1799 2889 1963 2970; x_wconf 89' lang='lat' dir='ltr'><em>uolumen</em></span> <span class='ocrx_word' id='word_1_151' title='bbox 1990 2891 2036 2971; x_wconf 85' lang='lat' dir='ltr'><em>de</em></span> 
     </span>
     <span class='ocr_line' id='line_1_18' title="bbox 477 3005 2034 3126; baseline -0.003 -28"><span class='ocrx_word' id='word_1_152' title='bbox 477 3031 516 3098; x_wconf 82' lang='lat'><em>.“</em></span> <span class='ocrx_word' id='word_1_153' title='bbox 536 3044 603 3126; x_wconf 86' lang='lat' dir='ltr'><em>quo</em></span> <span class='ocrx_word' id='word_1_154' title='bbox 620 3013 740 3094; x_wconf 78' lang='lat' dir='ltr'><em>docta</em></span> <span class='ocrx_word' id='word_1_155' title='bbox 759 3009 874 3090; x_wconf 85' lang='lat' dir='ltr'><em>Caius</em></span> <span class='ocrx_word' id='word_1_156' title='bbox 890 3007 1030 3116; x_wconf 86' lang='lat' dir='ltr'><em>scribit</em></span> <span class='ocrx_word' id='word_1_157' title='bbox 1057 3007 1098 3089; x_wconf 88' lang='lat' dir='ltr'><em>ia</em></span> <span class='ocrx_word' id='word_1_158' title='bbox 1124 3005 1218 3088; x_wconf 89' lang='lat' dir='ltr'><em>libro</em></span> <span class='ocrx_word' id='word_1_159' title='bbox 1235 3005 1302 3117; x_wconf 82' lang='lat' dir='ltr'><em>stra</em></span> <span class='ocrx_word' id='word_1_160' title='bbox 1325 3005 1367 3085; x_wconf 88' lang='lat' dir='ltr'><em>de</em></span> <span class='ocrx_word' id='word_1_161' title='bbox 1389 3005 1615 3115; x_wconf 84' lang='lat' dir='ltr'><em>antiquitate</em></span> <span class='ocrx_word' id='word_1_162' title='bbox 1634 3007 1902 3116; x_wconf 84' lang='lat' dir='ltr'><em>Cantabrigia,</em></span> <span class='ocrx_word' id='word_1_163' title='bbox 1931 3041 2034 3123; x_wconf 83' lang='lat' dir='ltr'><em>quem</em></span> 
     </span>
     <span class='ocr_line' id='line_1_19' title="bbox 489 3127 1405 3237; baseline -0.014 -19"><span class='ocrx_word' id='word_1_164' title='bbox 489 3149 518 3186; x_wconf 88' lang='lat'><strong>“</strong></span> <span class='ocrx_word' id='word_1_165' title='bbox 537 3136 690 3218; x_wconf 87' lang='lat' dir='ltr'><em>tertium</em></span> <span class='ocrx_word' id='word_1_166' title='bbox 708 3129 824 3237; x_wconf 84' lang='lat' dir='ltr'><em>testem</em></span> <span class='ocrx_word' id='word_1_167' title='bbox 843 3129 974 3210; x_wconf 87' lang='lat' dir='ltr'><em>citat.&#39;&#39;</em></span> <span class='ocrx_word' id='word_1_168' title='bbox 1392 3127 1405 3154; x_wconf 83' lang='lat'>⁸</span> 
     </span>
     <span class='ocr_line' id='line_1_20' title="bbox 546 3243 2035 3354; baseline -0.003 -18"><span class='ocrx_word' id='word_1_169' title='bbox 546 3259 684 3344; x_wconf 86' lang='lat' dir='ltr'><em>“Item</em></span> <span class='ocrx_word' id='word_1_170' title='bbox 710 3251 939 3332; x_wconf 89' lang='lat' dir='ltr'><em>continentur</em></span> <span class='ocrx_word' id='word_1_171' title='bbox 964 3246 1004 3327; x_wconf 89' lang='lat' dir='ltr'><em>in</em></span> <span class='ocrx_word' id='word_1_172' title='bbox 1028 3245 1089 3326; x_wconf 85' lang='lat' dir='ltr'><em>illo</em></span> <span class='ocrx_word' id='word_1_173' title='bbox 1113 3243 1294 3326; x_wconf 86' lang='lat' dir='ltr'><em>volumine</em></span> <span class='ocrx_word' id='word_1_174' title='bbox 1317 3273 1429 3326; x_wconf 90' lang='lat' dir='ltr'><em>omnes</em></span> <span class='ocrx_word' id='word_1_175' title='bbox 1451 3245 1595 3352; x_wconf 84' lang='lat' dir='ltr'><em>gratia</em></span> <span class='ocrx_word' id='word_1_176' title='bbox 1617 3245 1842 3354; x_wconf 83' lang='lat' dir='ltr'><em>expedienda</em></span> <span class='ocrx_word' id='word_1_177' title='bbox 1866 3251 2035 3334; x_wconf 87' lang='lat' dir='ltr'><em>incuria</em></span> 
     </span>
     <span class='ocr_line' id='line_1_21' title="bbox 489 3365 2035 3478; baseline 0 -21"><span class='ocrx_word' id='word_1_178' title='bbox 489 3390 516 3425; x_wconf 89' lang='lat'><strong>“</strong></span> <span class='ocrx_word' id='word_1_179' title='bbox 539 3379 704 3457; x_wconf 90' lang='lat' dir='ltr'><em>Romana</em></span> <span class='ocrx_word' id='word_1_180' title='bbox 728 3390 763 3453; x_wconf 91' lang='lat' dir='ltr'><em>ct</em></span> <span class='ocrx_word' id='word_1_181' title='bbox 790 3369 1060 3478; x_wconf 84' lang='lat' dir='ltr'><em>dispensationes</em></span> <span class='ocrx_word' id='word_1_182' title='bbox 1087 3395 1112 3446; x_wconf 93' lang='lat' dir='ltr'><em>a</em></span> <span class='ocrx_word' id='word_1_183' title='bbox 1126 3367 1212 3475; x_wconf 70' lang='lat' dir='ltr'><em>secde</em></span> <span class='ocrx_word' id='word_1_184' title='bbox 1235 3365 1422 3475; x_wconf 80' lang='lat' dir='ltr'><em>apostolica</em></span> <span class='ocrx_word' id='word_1_185' title='bbox 1448 3385 1525 3448; x_wconf 90' lang='lat' dir='ltr'><em>tam</em></span> <span class='ocrx_word' id='word_1_186' title='bbox 1546 3384 1616 3477; x_wconf 90' lang='lat' dir='ltr'><em>pra</em></span> <span class='ocrx_word' id='word_1_187' title='bbox 1643 3371 1874 3452; x_wconf 89' lang='lat' dir='ltr'><em>matrimonio</em></span> <span class='ocrx_word' id='word_1_188' title='bbox 1901 3373 2035 3457; x_wconf 87' lang='lat' dir='ltr'><em>illicite</em></span> 
     </span>
     <span class='ocr_line' id='line_1_22' title="bbox 490 3487 1155 3599; baseline -0.017 -23"><span class='ocrx_word' id='word_1_189' title='bbox 490 3509 517 3545; x_wconf 79' lang='lat'><em>‘¹</em></span> <span class='ocrx_word' id='word_1_190' title='bbox 539 3498 720 3576; x_wconf 67' lang='lat' dir='ltr'><em>contracta</em></span> <span class='ocrx_word' id='word_1_191' title='bbox 737 3519 845 3598; x_wconf 87' lang='lat' dir='ltr'><em>quam</em></span> <span class='ocrx_word' id='word_1_192' title='bbox 857 3508 928 3599; x_wconf 88' lang='lat' dir='ltr'><em>pro</em></span> <span class='ocrx_word' id='word_1_193' title='bbox 947 3487 1155 3596; x_wconf 78' lang='lat' dir='ltr'><em>religiofis.”</em></span> 
     </span>
     <span class='ocr_line' id='line_1_23' title="bbox 546 3603 2032 3722; baseline 0 -26"><span class='ocrx_word' id='word_1_194' title='bbox 546 3617 583 3698; x_wconf 89' lang='lat'><em>8.</em></span> <span class='ocrx_word' id='word_1_195' title='bbox 613 3611 744 3696; x_wconf 89' lang='lat' dir='ltr'><em>Brevis</em></span> <span class='ocrx_word' id='word_1_196' title='bbox 760 3608 974 3692; x_wconf 83' lang='lat' dir='ltr'><em>delineatio</em></span> <span class='ocrx_word' id='word_1_197' title='bbox 992 3605 1164 3688; x_wconf 84' lang='lat' dir='ltr'><em>hissoriae</em></span> <span class='ocrx_word' id='word_1_198' title='bbox 1179 3607 1344 3688; x_wconf 84' lang='lat' dir='ltr'><em>ecclestae</em></span> <span class='ocrx_word' id='word_1_199' title='bbox 1361 3603 1536 3690; x_wconf 83' lang='lat' dir='ltr'><em>Winton</em></span> <span class='ocrx_word' id='word_1_200' title='bbox 1556 3627 1774 3718; x_wconf 89' lang='lat' dir='ltr'><em>atempore</em></span> <span class='ocrx_word' id='word_1_201' title='bbox 1790 3609 1908 3694; x_wconf 90' lang='lat' dir='ltr'><em>Lucii</em></span> <span class='ocrx_word' id='word_1_202' title='bbox 1929 3615 2032 3722; x_wconf 85' lang='lat' dir='ltr'><em>regis</em></span> 
     </span>
     <span class='ocr_line' id='line_1_24' title="bbox 612 3725 2034 3840; baseline 0.002 -26"><span class='ocrx_word' id='word_1_203' title='bbox 612 3733 827 3814; x_wconf 90' lang='lat' dir='ltr'><em>Britonum</em></span> <span class='ocrx_word' id='word_1_204' title='bbox 857 3726 982 3837; x_wconf 89' lang='lat' dir='ltr'><em>usque</em></span> <span class='ocrx_word' id='word_1_205' title='bbox 1008 3727 1057 3808; x_wconf 89' lang='lat' dir='ltr'><em>ad</em></span> <span class='ocrx_word' id='word_1_206' title='bbox 1084 3743 1244 3834; x_wconf 82' lang='lat' dir='ltr'><em>tempus</em></span> <span class='ocrx_word' id='word_1_207' title='bbox 1265 3725 1427 3833; x_wconf 86' lang='lat' dir='ltr'><em>Edgari,</em></span> <span class='ocrx_word' id='word_1_208' title='bbox 1453 3745 1493 3808; x_wconf 91' lang='lat' dir='ltr'><em>et</em></span> <span class='ocrx_word' id='word_1_209' title='bbox 1511 3728 1692 3812; x_wconf 84' lang='lat' dir='ltr'><em>succeffio</em></span> <span class='ocrx_word' id='word_1_210' title='bbox 1711 3729 2034 3840; x_wconf 84' lang='lat' dir='ltr'><em>episcoporoma</em></span> 
     </span>
     <span class='ocr_line' id='line_1_25' title="bbox 614 3843 1964 3958; baseline 0.001 -27"><span class='ocrx_word' id='word_1_211' title='bbox 614 3855 651 3932; x_wconf 90' lang='lat' dir='ltr'><em>S.</em></span> <span class='ocrx_word' id='word_1_212' title='bbox 668 3849 814 3931; x_wconf 89' lang='lat' dir='ltr'><em>Berino</em></span> <span class='ocrx_word' id='word_1_213' title='bbox 833 3849 957 3956; x_wconf 87' lang='lat' dir='ltr'><em>usque</em></span> <span class='ocrx_word' id='word_1_214' title='bbox 977 3847 1026 3928; x_wconf 88' lang='lat' dir='ltr'><em>ad</em></span> <span class='ocrx_word' id='word_1_215' title='bbox 1047 3843 1273 3933; x_wconf 73' lang='lat' dir='ltr'><em>Hent&#39;icum</em></span> <span class='ocrx_word' id='word_1_216' title='bbox 1294 3845 1507 3943; x_wconf 85' lang='lat' dir='ltr'><em>Beauford,</em></span> <span class='ocrx_word' id='word_1_217' title='bbox 1527 3849 1785 3946; x_wconf 85' lang='lat' dir='ltr'><em>cardinalem,</em></span> <span class='ocrx_word' id='word_1_218' title='bbox 1810 3867 1850 3958; x_wconf 90' lang='lat' dir='ltr'><em>p.</em></span> <span class='ocrx_word' id='word_1_219' title='bbox 1869 3879 1891 3932; x_wconf 88' lang='lat'>2</span> <span class='ocrx_word' id='word_1_220' title='bbox 1897 3852 1964 3958; x_wconf 80' lang='lat'><em>58.</em></span> 
     </span>
    </p>

    <p class='ocr_par' dir='ltr' id='par_1_7' title="bbox 546 3963 2035 4317">
     <span class='ocr_line' id='line_1_26' title="bbox 546 3963 2035 4084; baseline 0.001 -31"><span class='ocrx_word' id='word_1_221' title='bbox 546 3989 586 4084; x_wconf 86' lang='lat'><em>9.</em></span> <span class='ocrx_word' id='word_1_222' title='bbox 613 3970 735 4053; x_wconf 86' lang='lat' dir='ltr'><em>Liber</em></span> <span class='ocrx_word' id='word_1_223' title='bbox 760 3967 971 4050; x_wconf 89' lang='lat' dir='ltr'><em>historialis</em></span> <span class='ocrx_word' id='word_1_224' title='bbox 996 3981 1036 4046; x_wconf 90' lang='lat' dir='ltr'><em>et</em></span> <span class='ocrx_word' id='word_1_225' title='bbox 1063 3963 1354 4074; x_wconf 85' lang='lat' dir='ltr'><em>antiquitatum</em></span> <span class='ocrx_word' id='word_1_226' title='bbox 1380 3967 1525 4049; x_wconf 89' lang='lat' dir='ltr'><em>domus</em></span> <span class='ocrx_word' id='word_1_227' title='bbox 1547 3970 1585 4048; x_wconf 88' lang='lat' dir='ltr'><em>S.</em></span> <span class='ocrx_word' id='word_1_228' title='bbox 1603 3968 1788 4051; x_wconf 88' lang='lat' dir='ltr'><em>Swithini</em></span> <span class='ocrx_word' id='word_1_229' title='bbox 1808 3969 2035 4056; x_wconf 83' lang='lat' dir='ltr'><em>Wintoniae</em></span> 
     </span>
     <span class='ocr_line' id='line_1_27' title="bbox 611 4083 2033 4199; baseline 0.003 -27"><span class='ocrx_word' id='word_1_230' title='bbox 611 4089 778 4199; x_wconf 85' lang='lat' dir='ltr'><em>scriptus</em></span> <span class='ocrx_word' id='word_1_231' title='bbox 812 4115 882 4198; x_wconf 85' lang='lat' dir='ltr'><em>per</em></span> <span class='ocrx_word' id='word_1_232' title='bbox 915 4086 1140 4168; x_wconf 87' lang='lat' dir='ltr'><em>Iohannem</em></span> <span class='ocrx_word' id='word_1_233' title='bbox 1171 4088 1343 4168; x_wconf 87' lang='lat' dir='ltr'><em>Exceter</em></span> <span class='ocrx_word' id='word_1_234' title='bbox 1373 4083 1548 4192; x_wconf 85' lang='lat' dir='ltr'><em>ejusdem</em></span> <span class='ocrx_word' id='word_1_235' title='bbox 1580 4087 1658 4171; x_wconf 91' lang='lat' dir='ltr'><em>loci</em></span> <span class='ocrx_word' id='word_1_236' title='bbox 1690 4093 2033 4176; x_wconf 87' lang='lat' dir='ltr'><em>commonachum</em></span> 
     </span>
     <span class='ocr_line' id='line_1_28' title="bbox 613 4205 1813 4317; baseline -0.015 -24"><span class='ocrx_word' id='word_1_237' title='bbox 613 4216 666 4292; x_wconf 86' lang='lat' dir='ltr'><em>A.</em></span> <span class='ocrx_word' id='word_1_238' title='bbox 687 4213 739 4292; x_wconf 91' lang='lat' dir='ltr'><em>D.</em></span> <span class='ocrx_word' id='word_1_239' title='bbox 766 4235 884 4317; x_wconf 83' lang='lat'>1531,</span> <span class='ocrx_word' id='word_1_240' title='bbox 909 4225 949 4316; x_wconf 90' lang='lat' dir='ltr'><em>p.</em></span> <span class='ocrx_word' id='word_1_241' title='bbox 968 4205 1062 4288; x_wconf 85' lang='lat'><em>260.</em></span> <span class='ocrx_word' id='word_1_242' title='bbox 1810 4286 1813 4294; x_wconf 51' lang='grc'>,</span> 
     </span>
    </p>

    <p class='ocr_par' dir='ltr' id='par_1_8' title="bbox 492 4326 2037 4558">
     <span class='ocr_line' id='line_1_29' title="bbox 550 4326 2037 4435; baseline 0.001 -23"><span class='ocrx_word' id='word_1_243' title='bbox 550 4357 611 4412; x_wconf 90' lang='lat'><em>10.</em></span> <span class='ocrx_word' id='word_1_244' title='bbox 643 4333 764 4412; x_wconf 88' lang='lat' dir='ltr'><em>Breve</em></span> <span class='ocrx_word' id='word_1_245' title='bbox 783 4329 1018 4424; x_wconf 88' lang='lat' dir='ltr'><em>chronicon,</em></span> <span class='ocrx_word' id='word_1_246' title='bbox 1047 4326 1091 4408; x_wconf 92' lang='lat' dir='ltr'><em>in</em></span> <span class='ocrx_word' id='word_1_247' title='bbox 1113 4354 1198 4435; x_wconf 87' lang='lat' dir='ltr'><em>quo</em></span> <span class='ocrx_word' id='word_1_248' title='bbox 1218 4343 1416 4410; x_wconf 87' lang='lat' dir='ltr'><em>notantur</em></span> <span class='ocrx_word' id='word_1_249' title='bbox 1440 4326 1522 4410; x_wconf 85' lang='lat' dir='ltr'><em>dies</em></span> <span class='ocrx_word' id='word_1_250' title='bbox 1542 4329 1814 4413; x_wconf 88' lang='lat' dir='ltr'><em>coronationis</em></span> <span class='ocrx_word' id='word_1_251' title='bbox 1835 4331 1977 4413; x_wconf 86' lang='lat' dir='ltr'><em>mortis</em></span> <span class='ocrx_word' id='word_1_252' title='bbox 1996 4349 2037 4414; x_wconf 82' lang='lat' dir='ltr'><em>et</em></span> 
     </span>
     <span class='ocr_line' id='line_1_30' title="bbox 492 4445 2036 4558; baseline 0.005 -31"><span class='ocrx_word' id='word_1_253' title='bbox 492 4503 494 4508; x_wconf 89' lang='lat'>-</span> <span class='ocrx_word' id='word_1_254' title='bbox 639 4450 752 4528; x_wconf 85' lang='lat' dir='ltr'><em>locus</em></span> <span class='ocrx_word' id='word_1_255' title='bbox 781 4445 992 4556; x_wconf 76' lang='lat' dir='ltr'><em>sepultura:</em></span> <span class='ocrx_word' id='word_1_256' title='bbox 1017 4446 1188 4552; x_wconf 84' lang='lat' dir='ltr'><em>cujusvis</em></span> <span class='ocrx_word' id='word_1_257' title='bbox 1216 4447 1319 4554; x_wconf 82' lang='lat' dir='ltr'><em>regis</em></span> <span class='ocrx_word' id='word_1_258' title='bbox 1345 4447 1504 4555; x_wconf 86' lang='lat' dir='ltr'><em>Angliae</em></span> <span class='ocrx_word' id='word_1_259' title='bbox 1532 4450 1583 4532; x_wconf 88' lang='lat' dir='ltr'><em>ab</em></span> <span class='ocrx_word' id='word_1_260' title='bbox 1603 4451 1782 4558; x_wconf 84' lang='lat' dir='ltr'><em>Egberto</em></span> <span class='ocrx_word' id='word_1_261' title='bbox 1809 4455 1857 4533; x_wconf 91' lang='lat' dir='ltr'><em>ad</em></span> <span class='ocrx_word' id='word_1_262' title='bbox 1883 4453 2036 4534; x_wconf 85' lang='lat' dir='ltr'><em>Henri-</em></span> 
     </span>
    </p>

    <p class='ocr_par' dir='ltr' id='par_1_9' title="bbox 640 4561 2036 4675">
     <span class='ocr_line' id='line_1_31' title="bbox 640 4561 2036 4675; baseline 0.004 -27"><span class='ocrx_word' id='word_1_263' title='bbox 640 4593 736 4649; x_wconf 88' lang='lat' dir='ltr'><em>cum</em></span> <span class='ocrx_word' id='word_1_264' title='bbox 758 4568 829 4650; x_wconf 88' lang='lat' dir='ltr'><em>Vl.</em></span> <span class='ocrx_word' id='word_1_265' title='bbox 859 4563 1096 4648; x_wconf 87' lang='lat' dir='ltr'><em>donationes</em></span> <span class='ocrx_word' id='word_1_266' title='bbox 1123 4593 1223 4675; x_wconf 80' lang='lat' dir='ltr'><em>quas</em></span> <span class='ocrx_word' id='word_1_267' title='bbox 1242 4567 1424 4649; x_wconf 85' lang='lat' dir='ltr'><em>fecerunt</em></span> <span class='ocrx_word' id='word_1_268' title='bbox 1448 4569 1571 4649; x_wconf 87' lang='lat' dir='ltr'><em>veteri</em></span> <span class='ocrx_word' id='word_1_269' title='bbox 1599 4561 1840 4652; x_wconf 86' lang='lat' dir='ltr'><em>monasterio</em></span> <span class='ocrx_word' id='word_1_270' title='bbox 1860 4571 2036 4654; x_wconf 91' lang='lat' dir='ltr'><em>Winton</em></span> 
     </span>
    </p>
   </div>
   <div class='ocr_carea' id='block_1_5' title="bbox 1993 4707 2035 4776">
    <p class='ocr_par' dir='ltr' id='par_1_10' title="bbox 1993 4707 2035 4776">
     <span class='ocr_line' id='line_1_32' title="bbox 1993 4707 2035 4776; baseline 0 0"><span class='ocrx_word' id='word_1_271' title='bbox 1993 4707 2035 4776; x_wconf 87' lang='lat' dir='ltr'><em>c&#39;t</em></span> 
     </span>
    </p>
   </div>
   <div class='ocr_carea' id='block_1_6' title="bbox 545 4969 942 5163">
    <p class='ocr_par' dir='ltr' id='par_1_11' title="bbox 545 4969 942 5163">
     <span class='ocr_line' id='line_1_33' title="bbox 545 4969 914 5056; baseline -0.014 -15"><span class='ocrx_word' id='word_1_272' title='bbox 545 4973 596 5056; x_wconf 83' lang='grc'><em>5.]</em></span> <span class='ocrx_word' id='word_1_273' title='bbox 613 4975 682 5042; x_wconf 84' lang='lat' dir='ltr'><em>the</em></span> <span class='ocrx_word' id='word_1_274' title='bbox 696 4969 864 5037; x_wconf 85' lang='lat' dir='ltr'>CCXCII.</span> <span class='ocrx_word' id='word_1_275' title='bbox 882 4995 914 5056; x_wconf 90' lang='lat'><em>7.</em></span> 
     </span>
     <span class='ocr_line' id='line_1_34' title="bbox 547 5079 942 5163; baseline -0.005 -16"><span class='ocrx_word' id='word_1_276' title='bbox 547 5083 598 5163; x_wconf 86' lang='lat'><em>6.]</em></span> <span class='ocrx_word' id='word_1_277' title='bbox 617 5084 685 5150; x_wconf 82' lang='lat' dir='ltr'><em>Vide</em></span> <span class='ocrx_word' id='word_1_278' title='bbox 702 5079 870 5145; x_wconf 87' lang='lat' dir='ltr'>CCXCII.</span> <span class='ocrx_word' id='word_1_279' title='bbox 891 5100 942 5146; x_wconf 87' lang='lat'><em>12.</em></span> 
     </span>
    </p>
   </div>
   <div class='ocr_carea' id='block_1_7' title="bbox 548 5189 989 5281">
    <p class='ocr_par' dir='ltr' id='par_1_12' title="bbox 548 5189 989 5281">
     <span class='ocr_line' id='line_1_35' title="bbox 548 5189 989 5281; baseline -0.016 -17"><span class='ocrx_word' id='word_1_280' title='bbox 548 5189 919 5281; x_wconf 60' lang='lat' dir='ltr'><em>numerante.</em></span> <span class='ocrx_word' id='word_1_281' title='bbox 986 5275 989 5281; x_wconf 16' lang='lat'><strong>¹</strong></span> 
     </span>
    </p>
   </div>
   <div class='ocr_carea' id='block_1_8' title="bbox 0 0 2524 6260">
    <p class='ocr_par' dir='ltr' id='par_1_13' title="bbox 0 0 2524 6260">
     <span class='ocr_line' id='line_1_36' title="bbox 0 0 2524 6260; baseline 0 0"><span class='ocrx_word' id='word_1_282' title='bbox 0 0 2524 6260; x_wconf 95' lang='lat' dir='ltr'><em> </em></span> 
     </span>
    </p>
   </div>
  </div>
 </body>
</html>
