4980 6264
1120 737 1303 834 XXIV.
1939 777 1998 868 13

458 937 486 976 “
506 927 603 1012 dum
623 928 737 1012 sacrae
757 919 972 1036 theologia
993 923 1200 1008 doctorem
1224 942 1322 1008 tunc
1341 924 1622 1012 cancellarium
1644 928 1830 1012 London.
1864 929 2006 1016 deinde

457 1061 484 1098 “
507 1050 676 1135 electum
700 1056 954 1132 Cantuarset
974 1048 1160 1131 Lincoln.
1192 1047 1426 1155 magistrum
1447 1049 1653 1136 Thomam
1672 1053 1720 1134 de
1736 1053 2004 1164 Bradwardyn

457 1181 483 1220 “
496 1190 714 1283 procuratus
738 1193 813 1254 tum
838 1171 889 1254 ad
910 1173 1081 1280 eccleysam
1102 1230 1244 1254 .....
1257 1189 1328 1281 per
1338 1174 1508 1281 fratrem
1526 1177 1691 1256 Ioannem
1715 1175 1940 1284 dePrestone
1961 1179 2004 1260 de

454 1297 640 1408 Someefi’te
656 1295 860 1380 monachum
873 1293 1027 1404 ejusdem
1037 1295 1180 1403 ecclefiae
1197 1321 1288 1374 anne
1302 1292 1437 1376 domini
1453 1295 1625 1402 millefimo
1640 1299 1999 1384 ccc'¹²⁰XLV111⁰.

512 1429 538 1464 “
558 1423 669 1528 Qem
688 1419 840 1502 titulum·
852 1418 1048 1528 quicunque
1061 1415 1323 1524 fraudulenter
1339 1415 1510 1502 deleverit
1530 1416 1729 1530 librumque
1746 1419 1793 1500 ab
1810 1421 2002 1524 eademec-

454 1549 481 1584 “
502 1541 602 1651 clefia
626 1541 847 1624 alienaverit
869 1538 982 1620 deleat
1006 1569 1083 1621 eum
1101 1542 1206 1622 Deus
1229 1536 1386 1622 delibet
1409 1537 1503 1620 vitae
1526 1557 1562 1620 et
1578 1543 1803 1624 anathemate
1812 1539 2010 1652 finiatur,

453 1671 481 1708 “
502 1664 580 1745 Pro
599 1664 698 1772 cujm
714 1664 839 1746 anima
851 1661 1004 1770 pietatis
1021 1661 1172 1774 obsequio
1190 1659 1349 1744 devotius
1367 1663 1570 1742 excretum?
1725 1713 1729 1720 -

505 1787 575 1869 Ad
574 1788 690 1896 finem
707 1785 836 1870 codicis
852 1783 1041 1880 habentur,
1082 1848 1086 1856 .

512 1935 546 1988 1.
576 1908 754 2020 Epistola
768 1905 956 1990 Bernardi
972 1906 1178 1990 Clarcvall.
1207 1905 1257 1986 ad
1276 1903 1561 1990 Innocentium
1581 1935 1727 2020 papam
1741 1909 1789 1992 de
1803 1905 2001 1992 heresibus

575 2029 776 2114 Abelardi.

506 2183 544 2236 2.
575 2149 871 2237 Condemnatio
891 2151 1148 2262 quorundam
1168 2147 1434 2235 hereticorum
1455 2149 1697 2264 opinionum
1719 2181 1790 2267 per
1809 2157 2013 2238 loannem.

452 2275 685 2388 [peccham]
709 2271 1047 2386 archiepiscopum
1067 2277 1260 2359 Cantuar.
1281 2283 1333 2356 A.
1350 2277 1405 2355 D.
1434 2276 1550 2383 123⁶·

1115 2504 1333 2623 XXV.

504 2668 619 2750 Codex
636 2664 918 2749 membranaceus
935 2667 1092 2777 infolio,
1100 2670 1219 2779 ficulo
1236 2699 1290 2750 xo
1306 2687 1490 2766 exaratus,
1510 2697 1575 2778 quo
1593 2670 1832 2764 continentur,
1873 2739 1877 2748 .

504 2787 692 2899 Epistolae
721 2787 828 2870 beati
855 2787 1047 2900 Cypriani
1077 2787 1249 2902 episcopi
1273 2787 1565 2900 Cartaginensis
1597 2787 1736 2900 magni
1766 2780 1934 2873 oratoria
1961 2799 2002 2866 et

446 2908 606 3022 gloriosi
626 2909 814 3006 martiris,
843 2911 1023 2994 videlicet.

510 3063 545 3116 1.
574 3033 753 3144 Epistola
774 3033 824 3114 ad
842 3037 1068 3116 Donatum.

504 3184 541 3240 2.
572 3160 635 3239 De
655 3153 862 3266 disciplina
880 3171 919 3238 et
937 3153 1080 3238 habitu
1098 3151 1317 3265 virginum.

505 3309 543 3391 3.
573 3277 751 3390 Epistola
770 3279 818 3361 de
836 3275 966 3390 lapsis.

503 3431 543 3510 4.
574 3406 637 3485 De
656 3400 1010 3486 unitate'ecclefiae.

504 3551 544 3635 ς.
573 3522 752 3637 Epistola
770 3525 818 3606 de
835 3523 1038 3607 dominica
1056 3519 1253 3640 oracione.

504 3651 543 3730 6.
574 3651 637 3731 De
657 3646 914 3730 mortalitate.

502 3795 544 3880 7.
573 3774 637 3852 De
656 3798 772 3881 opere
792 3789 832 3852 et
850 3766 1072 3853 elemosina.

504 3891 542 3974 8.
572 3891 638 3973 Ad
659 3892 979 3974 Demetrianum.

505 4044 544 4123 9.
574 4013 754 4126 Epistola
772 4015 820 4096 de
839 4016 949 4096 bono
967 4010 1188 4125 patienciae.

507 4165 569 4220 10.
600 4141 663 4222 De
683 4139 770 4221 zelo
788 4155 828 4222 et
848 4136 984 4220 livore.

507 4287 570 4341 11.
600 4262 666 4344 Ad
685 4265 958 4345 Fortunatum
977 4259 1026 4340 de
1042 4258 1255 4344 tolerantia
1272 4257 1566 4372 persecutionis.

506 4409 569 4464 12.
599 4383 665 4466 Ad
686 4383 909 4491 Qirinum
928 4383 976 4465 de
994 4379 1239 4466 sacramento
1258 4381 1419 4466 Christi.

506 4533 570 4614 13·
599 4505 662 4590 Ad
683 4507 855 4590 eundem
873 4509 920 4590 de
941 4501 1146 4614 disciplina
1165 4505 1386 4590 christianae
1405 4501 1621 4616 religionis.

506 4655 569 4734 14.
601 4627 666 4710 Ad
686 4629 970 4714 Antonianum
988 4627 1037 4708 de
1055 4625 1176 4712 heresi
1194 4627 1430 4712 Novaciani.

506 4775 570 4859 15.
600 4753 664 4835 De
681 4750 863 4836 hereticis
883 4748 1135 4864 baptizandis
1155 4751 1204 4835 ad
1225 4751 1477 4865 Pompeium.
1768 4869 1793 4951 6
1928 4867 1995 4952 Ad

1744 4897 1760 4952 1
1797 4928 1808 4952 .
1833 4894 1907 4980 17..

1015 5171 1417 5274 mmmmmn
