4980 6264
495 747 558 877 3⁶
1230 747 1363 851 mx,

548 955 583 1008 r.
613 923 791 1009 Anselmi
811 921 1104 1008 Cantuarienfis
1125 919 1261 1033 imago
1282 920 1439 1022 mundi,
1459 921 1529 1008 lib.
1550 923 1592 1007 ii.

543 1049 623 1130 Hic
646 1048 784 1129 libellus
808 1047 850 1126 in
869 1046 941 1126 alio
960 1044 1076 1125 codice
1101 1045 1205 1152 hujus
1227 1045 1461 1141 bibliotheca,
1481 1045 1566 1128 viz.
1587 1047 1734 1128 LXVI.
1760 1073 1792 1126 1.
1812 1045 2036 1158 adscribitur

489 1170 651 1250 Henrico
671 1170 863 1250 canonico:
893 1185 1063 1250 caetcrurn
1082 1168 1221 1248 omnino
1247 1167 1433 1277 consonant
1451 1169 1528 1250 haec
1545 1167 1611 1250 duo
1630 1165 1867 1279 exemplaria,
1877 1173 1918 1280 st
1932 1177 2034 1256 exci-

481 1291 569 1400 pias
591 1291 764 1398 prologos,
792 1289 858 1400 qui
871 1287 966 1398 strnt
983 1289 1131 1398 diverfi,
1160 1307 1196 1372 rt
1214 1287 1487 1397 chronologiam,
1516 1317 1596 1398 qua
1614 1291 1768 1372 ulterius
1785 1289 1978 1376 deducitur
1996 1298 2040 1377 in

490 1411 563 1492 cod.
583 1413 734 1492 LXVI.

543 1557 582 1612 2.
612 1530 791 1642 Epistola
818 1527 1021 1637 presbiteri
1047 1527 1209 1612 loannis
1233 1530 1283 1612 de
1307 1529 1422 1614 India
1447 1532 1499 1614 ad
1523 1531 1785 1618 Emanuelem
1816 1531 2034 1642 imperato·

613 1678 696 1732 rem
719 1649 1071 1760 Constantinopol.

546 1800 584 1880 3.
614 1770 792 1880 Epistola
811 1770 1028 1853 Alexandri
1050 1769 1152 1880 regis
1174 1771 1314 1880 magni
1333 1771 1566 1856 Macedonis
1593 1775 1643 1854 ad
1664 1771 1896 1883 magistrum
1918 1773 2036 1862 suum

615 1890 868 1974 Aristotelem
889 1891 936 1972 de
957 1891 1034 1973 situ
1052 1892 1189 1974 Indiae.

544 2041 586 2122 4.
616 2012 819 2095 Chronica
846 2017 1129 2096 Romanorum
1159 2011 1402 2125 pontificum
1434 2042 1456 2096 a
1484 2031 1664 2128 tempore
1695 2013 1788 2122 Jesu
1815 2013 1963 2097 Christi
1996 2031 2036 2098 et

617 2133 829 2217 Ollaviani
848 2135 1099 2246 imperatoris
1123 2135 1264 2245 [usque
1283 2135 1331 2218 ad
1346 2137 1562 2219 Nicolaum
1582 2135 1626 2218 iii
1645 2164 1754 2218 auno
1778 2159 1893 2242 1277,
1915 2152 1955 2218 et
1973 2161 2036 2218 re-

613 2255 782 2338 centiori
802 2284 927 2338 manu
946 2258 996 2338 ad
1015 2259 1266 2340 Clementem
1287 2257 1340 2353 vi,
1360 2277 1501 2340 autore
1519 2258 1702 2341 Martiuo
1721 2257 1913 2366 Polon0.]

544 2377 591 2458 Iu
609 2375 672 2457 doc
689 2378 805 2459 codice
824 2379 926 2460 nulla
930 2379 987 2488 fit
1004 2381 1135 2462 rnrntio
1154 2381 1343 2488 Johannae
1354 2381 1521 2492 papiſjae.

546 2524 584 2606 5.
617 2498 963 2582 Commemoratio
991 2501 1211 2584 stationum
1241 2501 1352 2584 urbis
1379 2506 1546 2598 Romae;
1566 2500 1812 2616 —episcopi
1840 2500 1913 2612 qui
1944 2499 2038 2584 sunt

617 2617 848 2702 immediate
877 2620 1042 2727 subjedti
1070 2650 1283 2733 papae:-
1302 2623 1468 2706 ecclesrae
1497 2623 1678 2734 quinque
1711 2622 1958 2734 parochiales
1992 2621 2037 2704 in

614 2743 771 2823 Roma:
794 2789 847 2804 -
866 2741 1033 2826 ecclesrae
1052 2741 1095 2825 in
1115 2747 1249 2828 Roma
1268 2743 1416 2854 quibus
1442 2744 1623 2854 assignati
1643 2743 1734 2824 sunt
1754 2741 1957 2854 presbiteri
1975 2743 2037 2823 vel

613 2857 773 2952 diaconi
803 2863 1047 2946 cardinales:
1065 2911 1122 2929 —
1140 2865 1425 2974 archiepiscopi
1459 2893 1554 2947 cum
1591 2863 1667 2947 suis
1702 2863 1958 2970 suffraganeis
1991 2861 2037 2944 in

615 2981 774 3078 Siculia,
799 2979 1018 3078 'Calabria
1057 2986 1220 3092 Apulia,
1260 2985 1572 3078 Terra-laboris,
1620 2981 1782 3080 Tuscia,
1822 2981 2036 3081 Flaminia,

614 3099 875 3196 Lumbardia,
897 3101 1101 3184 Dalmatia
1120 3102 1238 3213 supra
1258 3129 1380 3200 mare,
1402 3103 1515 3184 Istria
1534 3101 1651 3212 supra
1671 3128 1792 3196 mare,
1815 3099 2035 3198 sclavonia,

614 3220 1041 3331 Huuga1·ia,Polonia,
1058 3219 1327 3317 Allemannia,
1344 3221 1570 3322 Provincia,
1588 3221 1837 3328 Burgundia,
1853 3220 2034 3317 Francia,

614 3341 884 3440 Normannia,
907 3342 1140 3452 Aquitania,
1166 3340 1375 3438 Vasconia,
1403 3341 1544 3436 Tocia,
1572 3338 1798 3436 Catalonia‚
1825 3337 2036 3450 Hispania,
2075 3379 2081 3390 ·

616 3463 778 3571 Anglia,
800 3463 939 3558 Dacia,
968 3461 1203 3571 Norwagia,
1226 3461 1394 3557 Suescia,
1424 3461 1567 3556 Scotia,
1599 3459 1820 3573 Hybemia,
1842 3459 2036 3558 Sardinia,

615 3585 723 3664 ultra
749 3608 857 3662 mare
878 3581 943 3662 seu
972 3580 1014 3664 in
1041 3599 1154 3692 parte
1179 3581 1429 3680 infidelium,
1452 3630 1504 3648 -
1521 3583 1780 3693 imperatores
1801 3577 1981 3664 Romani
1997 3599 2039 3662 et

618 3731 727 3812 reges
748 3700 979 3784 Christiani.

546 3829 584 3908 6.
614 3826 832 3932 Catalogus
869 3820 1111 3934 pontificum
1148 3827 1431 3910 Romanorum
1466 3849 1489 3907 a
1523 3823 1643 3905 beato
1677 3823 1796 3905 Petro
1830 3819 1886 3904 ad.
1912 3818 2039 3905 Nico-

617 3947 728 4026 laum
749 3945 809 4026 iii.
1488 3946 1491 3958 '

547 4095 588 4177 7.
617 4069 680 4147 De
700 4063 973 4148 schismatibus
995 4063 1039 4146 in
1058 4064 1143 4148 sede
1163 4070 1362 4149 Romana.

552 4192 590 4273 8.
618 4191 836 4297 Catalogus
875 4185 1264 4300 archiepiscoporum
1299 4191 1494 4270 Cantuar.
1527 4212 1551 4268 a
1584 4187 1621 4266 S.
1642 4179 1859 4294 Augustini
1896 4180 1947 4264 ad
1979 4179 2040 4263 Si·
2103 4225 2109 4238 ·

565 4399 572 4410 ,
617 4338 787 4394 monem
807 4307 1042 4417 Mepeham.

1849 4439 1886 4522 9.
1915 4413 2038 4494 Cata·

554 4733 601 4814 1.]
619 4731 687 4796 Vile
702 4725 824 4794 LXVI.
845 4751 873 4794 ι.
892 4749 941 4797 12.
961 4728 1014 4795 16.

550 4845 601 4930 2.]
618 4847 687 4916 Vide
702 4841 825 4908 LXVI.
845 4865 895 4931 13.

548 4963 598 5050 3.]
615 4962 685 5030 nce
699 4959 899 5025 ccccxx.
918 4981 948 5028 2.

548 5081 601 5169 4·]
618 5083 688 5154 Vide
707 5102 755 5182 ιιι.
775 5077 932 5148 CXCIV.
949 5098 980 5166 ς.
998 5073 1231 5144 CCCLXXII.
1252 5071 1561 5142 1.ccccxxv11.
1578 5094 1609 5162 4.
1624 5089 1657 5158 ς.
