5054 6256
474 753 596 869 2081
1125 747 1404 850 CXXXIII.

461 937 595 1030 verbis,
616 936 827 1044 enigmatiee
847 957 966 1019 tanuen
983 933 1216 1036 e'cvelevorit,
1246 960 1287 1022 ut
1304 943 1375 1051 ipse
1394 941 1516 1022 innuit
1532 943 1726 1042 Lelanlns,
1752 976 1862 1058 neque
1878 945 2011 1055 Oedipo

460 1076 542 1166 opus
561 1058 606 1165 ιβ
623 1059 674 1138 od
688 1059 1026 1166 nodutusiloeudum
1040 1050 1057 1158 3¹
1080 1063 1155 1142 luec
1172 1065 1267 1142 enim
1284 1064 1483 1171 ipfiusstent
1499 1065 1627 1160 verba,

507 1191 545 1228 ·“
566 1179 647 1260 Soit
657 1181 763 1262 VIII
774 1181 859 1289 [H]
869 1181 976 1292 joynt
993 1187 1219 1292 apres-XIX
1232 1180 1308 1292 [T]
1326 1187 1391 1292 :st
1403 1203 1533 1266 mettez
1550 1191 1639 1268 XII
1652 1189 1745 1296 [M]
1767 1208 1870 1298 apres
1884 1191 2015 1270 XIIII

466 1310 492 1345 “
515 1300 605 1408 [O]‚
625 1331 675 1382 un
696 1301 779 1410 [A]
801 1321 837 1383 et
851 1307 995 1386 XVIII
1011 1305 1075 1413 [S]
1097 1327 1322 1400 encountrez,
1330 1307 1423 1417 siun
1433 1325 1568 1416 propre
1584 1337 1662 1392 nom
1681 1317 1913 1418 cessaverez:
1937 1311 2020 1390 VII

465 1434 492 1468 “
518 1421 593 1531 [G]
615 1451 641 1502 a
659 1425 783 1506 XVII
797 1423 874 1532 [R]
896 1446 1040 1522 mettez,
1066 1426 1098 1516 le
1115 1430 1277 1536 premier
1300 1429 1418 1509 vowel
1437 1428 1525 1536 [A]
1542 1460 1592 1510 au
1608 1434 1719 1512 tierce
1741 1432 1806 1540 [I]
1830 1433 2010 1543 ajoignez,

465 1554 492 1589 “
500 1546 612 1656 jiune
630 1544 898 1655 droitfiurnome
914 1548 1282 1659 entrouverezsilunc
1298 1549 1524 1658 lalphabet.”

519 1667 667 1746 Exhinc
690 1667 871 1775 manifeste
886 1687 1038 1778 apparet
1057 1689 1216 1751 autorem
1227 1669 1340 1780 fuisti
1358 1665 1526 1752 Thamnus
1544 1674 1703 1754 Graium
1718 1675 1894 1782 Anglum,
1918 1693 1954 1755 et
1971 1695 2013 1757 ut

463 1786 534 1894 ipfi‘
551 1787 701 1896 testatur
718 1788 818 1896 opud
831 1790 1084 1898 Edinburgam
1102 1793 1301 1901 captivum,
1329 1793 1393 1873 ubi
1409 1794 1484 1874 hac
1501 1821 1579 1902 qua
1600 1795 1639 1875 in
1658 1797 1803 1904 quodam
1822 1799 2013 1878 invenerat

456 1927 629 2020 poemate,
649 1910 765 1990 eodem
784 1911 913 2019 lingua
916 1913 1061 2022 scilicet
1080 1915 1238 2010 Gallica,
1244 1913 1366 2024 filesta
1384 1917 1542 1995 oratione
1559 1920 1750 1999 contexuit.

520 2031 684 2112 Continet
699 2031 880 2141 historiam
895 2035 1047 2142 Angla
1062 2063 1088 2115 a
1107 2035 1232 2118 mundo
1250 2035 1386 2117 condito
1403 2035 1457 2116 ad
1466 2039 1518 2116 A.
1533 2041 1591 2118 D.
1617 2040 1732 2146 1362.

1055 2241 1418 2355 CXXXIV.-

520 2399 634 2480 Codex
651 2399 932 2483 membranaceus
960 2405 1000 2484 in
1014 2404 1125 2514 folio,
1141 2405 1261 2516 stculo
1279 2406 1322 2486 xi
1339 2422 1381 2486 ut
1398 2403 1547 2486 videtur
1560 2405 1737 2514 scriptus,
1767 2407 1808 2488 in
1836 2435 1902 2518 quo
1930 2435 2013 2489 con-

416 2569 425 2584 ·
464 2539 617 2620 tenetur,

521 2646 801 2752 Barenguedus
823 2644 938 2756 super
955 2648 1219 2760 apocalypfin.

519 2768 586 2848 De
608 2787 734 2848 autore
760 2768 862 2874 huius
890 2771 1105 2879 expsfitionis
1131 2791 1167 2852 et
1180 2771 1300 2883 fistulo
1326 2803 1392 2882 quo
1407 2775 1554 2885 floruit,
1585 2774 1709 2854 variae'
1724 2773 1816 2885 fient
1841 2771 2016 2881 opiniones

468 2888 577 2994 (vide
608 2889 747 2998 Cavesti
771 2891 868 2998 Hisl.
888 2893 988 2972 Lite.
1013 2894 1167 2974 articulo
1202 2897 1448 3006 Berengarius
1481 2915 1517 2976 et
1544 2887 1709 2978 ‘Tanneri
1735 2895 1836 2978 Bibl.
1859 2895 2012 2974 Britan.

463 3011 575 3090 artic.
598 3011 906 3119 Berenguiddus.)
966 3017 1030 3094 Dc
1060 3015 1198 3116 nomine
1214 3047 1311 3112 ,vero
1335 3019 1473 3112 outonis
1497 3046 1595 3097 omne
1619 3015 1766 3098 dubium
1790 3015 1884 3096 tollit
1908 3016 2012 3124 ipstns

464 3133 617 3242 epilogus
635 3135 700 3243 qui
708 3135 768 3242 fic
784 3135 929 3243 incipit,
958 3146 984 3180 “
1003 3135 1167 3247 Quisquis
1190 3167 1312 3220 nomen
1328 3139 1466 3232 autoris
1477 3138 1581 3246 scire
1599 3137 1780 3244 definieras,
1804 3137 1933 3252 literas
1948 3165 2012 3216 ex-

466 3266 491 3299 “
507 3257 712 3364 poſstionum
731 3255 772 3334 in
790 3255 968 3364 capitibus
983 3258 1119 3370 septem
1137 3260 1308 3370 vistouum
1324 3262 1467 3368 primas
1485 3259 1649 3351 attende;
1678 3287 1843 3338 tmmerus
1861 3274 2014 3366 quatuor

467 3387 492 3420 “
513 3375 691 3458 vocalium
710 3406 790 3486 qua
808 3375 929 3484 desum
933 3379 975 3485 st
990 3381 1141 3461 Graecas
1158 3385 1315 3497 psfieeris
1335 3383 1380 3489 est
1397 3381 1561 3487 triginta
1580 3381 1727 3474 unum‚’'
1746 3381 1774 3459 i.
1791 3409 1821 3458 e.
1839 3378 2012 3476 B2R3N-

465 3497 659 3596 Gvffflsss.
717 3497 827 3578 Valde
843 3515 962 3580 tamen
980 3499 1195 3584 holloscinati
1201 3501 1494 3615 fiontDenspsler
1511 3520 1546 3582 et
1560 3503 1715 3610 Pitseus,
1735 3503 1800 3610 qui
1812 3501 2015 3608 eumstculo

219 3604 220 3607 Ἴ
304 3657 306 3662 ·
464 3649 517 3698 xv
523 3616 682 3728 florucffl
698 3618 874 3714 tradunt;
904 3619 1053 3702 codicem
1070 3625 1163 3704 enim
1191 3626 1340 3736 nestrum
1358 3643 1443 3706 ante
1455 3623 1616 3733 stculum
1633 3624 1692 3704 xii
1706 3623 1822 3732 fuiffl
1830 3624 2014 3735 scriptum

466 3771 510 3820 ex
521 3740 642 3849 primo
661 3739 765 3846 ipstns
784 3741 922 3821 intuitu
929 3743 1028 3852 sotis
1041 3743 1169 3855 liquet.

521 3861 589 3943 Ad
605 3862 752 3942 initium
770 3861 872 3968 hujus
891 3862 1019 3944 codicis
1038 3895 1146 3948 manu
1162 3867 1272 3975 paulo
1292 3867 1468 3948 neoterica
1494 3869 1680 3976 inscripta
1690 3867 1781 3978 fient
1805 3866 1895 3946 duae
1913 3861 2013 3973 epis-

465 3984 558 4064 tolae
572 3982 744 4062 Thornae
759 3983 914 4080 Becker,
935 4011 1018 4066 una
1040 3989 1092 4066 ad
1110 3987 1339 4098 episcopum
1357 3987 1652 4084 Norvicensem,
1679 3991 1800 4068 altera
1821 3987 1872 4066 ad
1891 4011 2013 4066 cano-

465 4103 575 4184 nicos
609 4103 882 4186 Patenerenses
917 4107 964 4188 de
1001 4109 1414 4194 excommunicatione
1447 4109 1617 4220 episcopi
1650 4105 1939 4190 Sarisburienfis
1973 4125 2013 4187 et

466 4224 638 4307 aliorum
657 4228 925 4334 quorundam.

1071 4387 1405 4503 CXXXV.

520 4547 634 4628 Codex
650 4547 932 4628 membranaceus
949 4551 989 4628 in
996 4547 1104 4654 fhlio,
1112 4551 1231 4658 stculo
1249 4549 1324 4630 xiii
1329 4549 1506 4658 scriptus,
1526 4547 1566 4628 in
1586 4575 1650 4658 quo
1670 4547 1906 4641 continentur,

527 4697 559 4750 1.
590 4667 767 4752 Anselmi
786 4667 1066 4789 acchiepiscopi
1083 4671 1257 4780 epistolae
1278 4673 1555 4766 CCCLXVH,
1572 4671 1647 4778 fol.
1666 4698 1701 4750 ¹1.
1879 4787 1929 4868 M
1950 4783 1991 4868 di

714 4829 719 4837 ,
944 4843 949 4856 ‚
1061 4816 1063 4820 .
1813 4815 1849 4868 2.
1929 4814 2012 4866 e·

520 5073 733 5158 CXXXIV]
751 5079 813 5146 Vct.
830 5081 896 5142 Cot.
914 5075 948 5140 P.
967 5078 997 5143 8.
1015 5077 1111 5144 MSS.
1129 5075 1213 5156 Angl.
1233 5077 1435 5163 1506-239.

516 5159 715 5242 CXXXV]
734 5161 794 5228 Vn.
813 5165 882 5226 Cas.
901 5152 940 5226 L.
959 5164 989 5228 8.
1008 5162 1103 5228 MSS.
1120 5159 1202 5244 Angl.
1225 5163 1426 5249 1406-129.

524 5243 570 5325 c]
587 5245 657 5314 noo
671 5243 857 5312 ccxesx.
875 5269 907 5330 4.
