4980 6264
483 723 548 856 7⁶
1207 727 1340 825 0111.

530 939 569 1024 9.
597 910 776 1024 Epistola
801 933 844 995 ut
868 907 1017 996 videtur
1043 905 1215 996 fratrum
1243 913 1451 998 minorum
1474 911 1525 998 ad
1550 937 1710 1026 papam,
1734 919 1847 1029 quod
1873 911 2018 1024 iniuste

598 1035 650 1117 ab
668 1033 918 1117 universstate
933 1031 1134 1119 Parisrensr
1151 1035 1302 1150 expulli
1320 1035 1427 1136 sunt,
1445 1035 1541 1120 data
1560 1036 1714 1122 Pan'liis
1735 1071 1760 1150 9
1776 1039 1870 1124 Odi.
1898 1066 2015 1151 1255,

591 1174 635 1267 p.
662 1182 751 1266 107.

596 1278 836 1387 Destderatur
847 1279 1071 1391 principium
1088 1295 1123 1362 et
1141 1307 1273 1390 magna
1284 1297 1376 1390 pars
1392 1281 1495 1390 hujm
1510 1280 1670 1392 epistola.

533 1423 596 1484 ιο.
624 1397 804 1510 Epistola
819 1399 1044 1484 Innocentii
1059 1403 1129 1482 lV.
1148 1401 1199 1482 ad
1216 1400 1414 1510 religiosos
1429 1399 1700 1514 cujuscunque
1718 1401 1965 1515 professionis
1978 1420 2019 1490 et

624 1519 793 1620 ordinis,
812 1547 864 1602 ne
880 1517 1105 1630 infiingant
1122 1521 1212 1628 jura
1225 1521 1459 1606 clericorum
1473 1523 1778 1636 parochialium,
1798 1528 1892 1612 data
1907 1531 2016 1612 Nea-

625 1641 711 1752 poli
727 1641 769 1724 iv
786 1641 866 1724 kal.
888 1646 984 1723 Dec.
1004 1667 1114 1724 anno
1131 1641 1390 1754 pontificatus
1409 1647 1475 1742 1r,
1497 1664 1540 1757 p.
1565 1671 1653 1755 107.

526 1769 598 1851 ³11.
625 1761 805 1873 Epistola
816 1760 1079 1846 universitatis
1092 1763 1312 1848 Parissensrs
1326 1781 1468 1848 contra
1477 1763 1617 1850 fratres
1634 1767 1910 1878 predicatores,
1925 1770 2020 1854 data

624 1881 688 1966 die
707 1881 899 1966 Mercurii
915 1909 1030 1995 prox.
1051 1884 1139 1996 post
1156 1883 1302 1968 festum
1321 1884 1625 1998 purificationis,
1651 1915 1696 1972 12
1702 1918 1724 1998 ς
1730 1917 1768 1998 3,
1789 1910 1833 2000 p.
1858 1917 1946 2000 109.

525 2009 596 2124 aa.
624 2004 873 2115 Composstio
896 2003 1002 2089 inter
1020 2001 1161 2090 fratres
1186 2006 1430 2120 predicantes
1448 2023 1490 2090 et
1511 2007 1807 2094 universitatem
1826 2010 2017 2096 Parisren-

532 2169 536 2180 ·
623 2124 831 2210 semiadta
854 2153 889 2210 1.
908 2125 1049 2209 Martii
1075 2156 1192 2236 1255,
1215 2148 1257 2239 p.
1285 2155 1374 2212 112.

532 2274 550 2334 s
557 2275 596 2360 3.
623 2247 854 2360 Appellatio
871 2247 1043 2330 Walteri
1069 2249 1119 2330 de
1136 2250 1325 2360 Walpole
1347 2265 1388 2332 et
1414 2251 1640 2336 multorum
1666 2250 1838 2335 aliorum
1865 2241 2019 2340 ordinis

624 2369 800 2454 fratrum
831 2367 1139 2481 pradicatorum
1170 2369 1378 2454 adsedem
1411 2370 1668 2481 apostolicam
1702 2373 1751 2454 de
1779 2371 2019 2483 quibusdam

624 2489 881 2576 abusronibus
913 2507 954 2574 et
984 2489 1291 2576 enormitatibus
1329 2493 1522 2604 (quarum
1556 2491 1740 2576 schedula
1777 2519 1934 2576 annexa
1963 2491 2019 2578 est
2111 2593 2114 2598 ,

622 2611 719 2698 huic
741 2611 1019 2728 appellationi)
1039 2639 1109 2726 per
1127 2613 1417 2724 Gerenganum
1441 2613 1592 2698 ordinis
1616 2613 1852 2726 magistrum
1876 2639 2020 2726 perpe·

621 2735 737 2820 tratis
755 2753 796 2819 et
812 2731 1004 2833 toleratis,
1026 2753 1069 2848 p.
1095 2765 1183 2846 113.

524 2857 596 2964 'r4.
623 2859 823 2970 Excerpta
851 2883 900 2940 ex
929 2861 1081 2940 Ioanne
1108 2858 1156 2939 de
1183 2857 1364 2940 Bathone
1392 2853 1437 2940 in
1464 2858 1634 2968 prologo
1659 2853 1943 2940 sententiarum
1970 2855 2021 2935 dc

624 2979 764 3064 ordine
781 2977 968 3076 Carmeli,
991 2999 1034 3090 p.
1061 3005 1149 3090 117.

533 3125 596 3210 15.
626 3100 842 3185 Tradtatus
868 3098 1032 3184 Ricardi
1056 3095 1245 3182 Fitzrauf
1266 3093 1548 3206 archiepiscopi
1572 3091 1818 3178 Armachani
1841 3093 1889 3177 de
1916 3119 2019 3204 pau·

582 3227 585 3238 '
624 3222 731 3334 perie
748 3221 1110 3308 salvatoriscontra
1127 3217 1266 3302 fratres
1285 3215 1568 3314 mendicantes,
1588 3217 1658 3298 lib.
1675 3215 1744 3314 vii,
1767 3233 1809 3327 p.
1835 3243 1923 3323 119.

533 3347 596 3429 16.
626 3346 842 3430 Tractatus
877 3341 1049 3426 Uthredi
1082 3339 1269 3426 monachi
1301 3335 1582 3423 Dunelmensrs
1615 3339 1665 3422 de
1697 3333 2018 3422 substantialibus

625 3469 772 3575 regulae
789 3462 1050 3560 monachalis,
1072 3481 1114 3575 p.
1136 3489 1229 3571 291.

535 3615 597 3696 17.
626 3587 736 3674 Idem
755 3587 804 3668 de
822 3581 1065 3697 perfediione
1081 3583 1237 3667 vivendi
1255 3579 1298 3667 in
1317 3581 1521 3692 religione,
1544 3599 1586 3693 p.
1609 3610 1701 3690 310.

534 3708 596 3791 18.
625 3708 822 3813 Qaedam
846 3705 1023 3818 capitula
1045 3705 1094 3786 de
1110 3705 1267 3789 summa
1288 3703 1538 3816 [theologia]
1560 3701 1694 3786 fratris
1713 3697 1852 3783 Alvari
1877 3703 1926 3786 de
1951 3711 2018 3784 or'·

626 3825 720 3924 dine
739 3826 960 3926 minorum,
981 3845 1024 3938 p.
1046 3857 1066 3936 3
1074 3855 1139 3937 31.

535 3979 599 4059 19.
628 3951 827 4060 Qaedam
846 3948 1022 4062 capitula
1038 3948 1241 4032 Vincentii
1259 3948 1304 4032 in
1322 3948 1478 4060 speculo
1495 3939 1702 4042 historiali,
1724 3960 1766 4052 p.
1785 3946 1867 4049 416

530 4093 607 4156 πο(
625 4071 918 4156 Determinatio
937 4069 1107 4154 Wiclevi
1125 4089 1265 4154 contra
1283 4069 1546 4184 Kyllingham
1565 4065 1841 4166 Canusinam,
1861 4081 1905 4178 p.
1924 4089 2018 4170 419.

526 4221 609 4295 ar..
626 4191 720 4275 Alia
736 4189 1014 4278 determinatio
1031 4209 1171 4276 contra
1189 4193 1374 4294 eundem,
1396 4210 1439 4307 p.
1459 4192 1526 4272 ult.

626 4315 865 4426 Desideratur
881 4344 1015 4430 magna
1023 4333 1116 4430 pars
1133 4315 1235 4427 hujus
1246 4313 1565 4398 determinationis.

1164 4506 1325 4624 CIV.

529 4671 646 4758 codex
662 4673 869 4758 chartacesu
887 4673 1043 4784 infolio,
1049 4671 1167 4788 seculo
1186 4672 1258 4755 xvi
1263 4671 1440 4786 scriptus,
1458 4669 1500 4750 in
1519 4668 1837 4784 praecomitantur,
1929 4783 1968 4864 A

1866 4806 1900 4863 1.
1968 4807 2020 4864 n·

537 5080 607 5168 15]
623 5079 693 5150 Vide
706 5079 877 5147 CLXXX.
897 5103 926 5150 ι.
942 5075 1208 5150 CCCLXXXII.

528 5175 643 5263 ,clv.]
658 5176 720 5248 Vct.
737 5179 804 5246 Car.
822 5175 913 5248 Mile.
931 5177 976 5248 D.
