5054 6256
513 763 608 888 258
804 705 809 710 ’
1172 753 1444 850 ccxxvi.
1597 765 1610 790 ·

563 973 601 1030 a.
631 943 809 1030 Historia
828 942 955 1028 brevis
976 941 1152 1024 Thomae
1170 939 1465 1050 Walsmgham,
1488 941 1667 1028 unnim
1691 973 1809 1058 1574„

564 1097 603 1180 3.
630 1067 817 1176 Ejusdem
838 1065 1066 1178 Ypodigma
1086 1059 1297 1164 Neustrioc,
1315 1063 1494 1152 Londini
1518 1094 1533 1148 τ
1542 1093 1636 1176 574.
1991 1081 1996 1090 ’

1091 1273 1477 1394 CLXXVII.

562 1443 677 1528 Codex
683 1442 829 1554 partim
841 1437 1125 1523 membranaceus
1131 1440 1276 1549 partim
1290 1437 1496 1524 chartaceus
1509 1437 1663 1552 insilio,
1671 1442 1791 1554 semla
1804 1443 2060 1558 aoiscrrptus,

509 1567 550 1650 in
568 1596 633 1679 quo
652 1565 890 1661 continentur,

563 1717 601 1774 r.
630 1685 753 1774 Liber
778 1688 827 1770 de
849 1685 1032 1792 moribus
1057 1685 1275 1770 hominum
1294 1700 1335 1766 et
1354 1683 1495 1770 officiis
1515 1683 1695 1773 virorum
1722 1685 1924 1780 nobilium
1941 1685 2059 1799 super

630 1810 776 1894 ludum
794 1807 1026 1892 schacorum
1043 1835 1166 1920 quem
1189 1805 1416 1920 composuit
1437 1804 1561 1892 frater
1579 1809 1748 1900 Iacobus
1774 1811 1823 1892 cle
1841 1811 1966 1896 Cesell
1988 1811 2058 1920 [de

631 1930 805 2042 Casulis]
823 1935 873 2016 de
891 1929 1029 2014 ordine
1048 1931 1356 2042 predicatorum,
1373 1931 1449 2040 fol.
1466 1959 1502 2012 1.

501 2071 502 2076 '
562 2085 601 2142 2.
630 2054 791 2138 Tabula
813 2052 907 2164 [sive
924 2054 1063 2164 index]
1085 2053 1129 2136 in
1148 2051 1367 2136 tractatum
1383 2053 1675 2164 precedentem,
1690 2055 1846 2166 fol49.

562 2209 602 2290 3.
630 2177 783 2260 Modus
802 2194 842 2258 et
859 2175 1019 2262 scientia
1039 2175 1124 2260 ludi
1142 2175 1380 2274 scaccorum,
1398 2175 1552 2286 oefibus
1569 2175 1763 2276 rithmicis,
1778 2179 1854 2287 sol.
1869 2203 1937 2286 50..

525 2365 526 2370 .
559 2332 602 2410 4.
631 2301 830 2406 Qraedam
865 2297 1073 2382 moralitas
1108 2298 1158 2380 de
1194 2295 1386 2380 scaccario
1420 2325 1492 2413 per
1524 2297 1739 2382 dominum
1769 2295 2055 2384 Innocentium

659 2449 683 2504 a
737 2450 791 2518 m,
820 2421 911 2504 ibid.

560 2573 598 2658 5.
627 2449 807 2656 llpilniola
827 2541 932 2626 beati
953 2543 1142 2628 Bemardi
1161 2541 1275 2656 super
1302 2570 1344 2626 re
1368 2540 1558 2628 familiari
1584 2543 1845 2654 gubemmda
1873 2543 1923 2628 ad
1944 2545 2054 2652 nay-

625 2667 828 2752 mundum
848 2665 1066 2776 gratiosum
1086 2683 1126 2750 et
1142 2664 1300 2752 felicem
1319 2665 1505 2768 militem,
1519 2665 1595 2778 fol.
1610 2693 1678 2778 51.

557 2794 597 2874 6.
626 2793 689 2874 De
707 2787 993 2900 dispensatione
1011 2789 1171 2888 domus,
1185 2792 1261 2900 fol.
1277 2816 1343 2900 52·

555 2941 596 3024 7.
625 2912 826 3018 Qaedam
845 2910 1093 2994 narrationes
1111 2915 1277 3012 devotae,
1292 2913 1369 3023 sol.
1385 2940 1451 3023 53.

558 3037 597 3120 8.
625 3033 830 3118 Martinus
853 3033 1159 3145 [Braccarenfis]
1182 3035 1231 3118 de
1248 3051 1425 3145 quatuor
1443 3031 1677 3132 virtutibus,
1690 3035 1767 3145 sol.
1780 3063 1850 3146 74.

558 3189 597 3267 9.
627 3163 772 3240 Seneca
790 3158 839 3240 de
856 3155 1109 3240 institutione
1127 3185 1303 3256 morum,
1319 3157 1394 3266 flul.
1407 3183 1475 3266 75.

561 3310 623 3366 10.
654 3279 831 3364 Historia
849 3277 926 3366 sive
938 3277 1078 3362 fabula
1091 3281 1140 3362 de
1154 3277 1281 3361 nobili
1297 3275 1529 3360 marchione
1542 3274 1739 3360 Walterio
1755 3277 1926 3364 domino
1936 3267 2056 3370 ’τοττι

547 3437 548 3440 ¹
653 3402 916 3500 Saluciarum,
932 3401 1139 3513 quomodo
1153 3399 1269 3484 duxit
1285 3398 1328 3482 in
1343 3425 1511 3484 uxorem
1525 3397 1737 3484 Grinldern
1752 3407 2053 3512 pauperculam,

651 3523 798 3633 eteius
825 3521 1091 3608 constantiam
1108 3540 1149 3608 et
1175 3520 1414 3636 patientiam
1440 3520 1679 3608 mirabiliter
1704 3541 1746 3606 et
1772 3525 1915 3610 acriter
1939 3529 2053 3614 com-

503 3713 505 3718 ,
646 3647 839 3762 probavit
851 3687 863 3745 ς
892 3673 1016 3758 quam
1045 3647 1094 3729 de
1121 3645 1278 3755 vulgari
1303 3643 1485 3732 somme
1510 3643 1761 3730 Saluciarum
1787 3647 1833 3730 in
1856 3649 2052 3736 latinum

652 3769 854 3854 transtulit
875 3767 1172 3854 D.Franciseus
1191 3761 1416 3868 Petrarcha,
1431 3769 1508 3881 sel.
1522 3771 1590 3878 76.

502 3941 505 3946 -
562 3921 623 3976 ττ.
653 3891 871 3980 Τττᾶτωε
890 3895 936 3978 Β.
950 3889 1150 3979 Ambrofii
1169 3889 1451 4004 archiepiscopi
1477 3892 1527 3974 de
1552 3889 1729 3978 honestis
1752 3908 1794 3974 et
1820 3887 1934 3998 jutis
1960 3920 2051 3978 mo-

653 4015 781 4116 ribus,
795 4017 872 4127 sol.
887 4015 952 4100 80.

561 4165 624 4222 12.
651 4138 865 4224 Meditatio
877 4135 1070 4237 Anselmi,
1088 4138 1196 4222 unde
1214 4136 1324 4222 vivat
1337 4135 1489 4237 mima,
1508 4151 1549 4220 et
1567 4136 1676 4220 uncle
1692 4133 1802 4220 vivat
1820 4163 1931 4238 curo,
1947 4153 1987 4222 et
2003 4137 2054 4222 de

553 4265 561 4274 “
652 4261 782 4372 gloria
814 4263 935 4346 bonae
964 4260 1111 4344 animae
1145 4262 1264 4346 etde
1291 4257 1525 4346 infelicitate
1556 4259 1673 4344 male
1705 4259 1851 4348 anime
1887 4261 2054 4374 quando

652 4399 802 4466 exeunt
823 4411 1044 4495 acorpore,
1059 4383 1135 4494 fol.
1150 4384 1216 4467 81.

562 4535 625 4618 ¹3·
654 4503 938 4592 Meditationes
959 4503 1209 4603 B.Anselmi,
1238 4503 1331 4594 ibid.

1878 4655 1940 4735 ¹4·
1970 4631 2053 4712 Ex-

552 4924 778 5012 manvu]
795 4927 859 5000 ur.
875 4927 942 4994 ca.
959 4924 1002 4993 ττ.
1018 4945 1051 5010 4
1069 4923 1167 4992 Met.
1184 4923 1272 5010 ngr.
1291 4923 1474 5014 »fia-ts.

553 5031 608 5116 a]
625 5029 696 5102 uu
709 5027 923 5098 ccccxci.
944 5048 995 5116 15.
1010 5024 1250 5096 ccccxxx.
1270 5048 1300 5094 1.

553 5129 1195 5224 9.]uucccxv1.17.ccccxr.1.
1218 5153 1270 5222 ις.

555 5239 625 5324 το.]
639 5239 710 5311 Vtu
723 5237 926 5306 CCLXXV.
946 5259 999 5322 14·
1014 5233 1262 5306 CCCCLVIII.
1279 5257 1311 5326 3.

554 5342 625 5434 13]
642 5343 713 5415 Vltss
726 5341 848 5414 cmv·
866 5361 921 5430 23·
936 5339 1042 5410 CLV·
1060 5363 1074 5410 1
1079 5361 1111 5431 ⁵·
1126 5339 1371 5416 001⁴me
1371 5388 1384 5416 ο
1403 5361 1432 5416 Ῐι
1448 5337 1572 5414 Lm·
1590 5345 1622 5416 ll
