4980 6264
1240 789 1243 796 .
1949 762 2011 884 ⁶3

1127 937 1358 1056 XCVI.

517 1105 633 1188 Codex
650 1101 937 1184 rnenrlranacens
956 1093 1111 1214 infolio,
1118 1099 1240 1204 ficeclo
1258 1128 1312 1178 xo
1319 1095 1498 1206 scriptus,
1517 1097 1559 1179 in
1578 1127 1643 1209 qno
1662 1100 1880 1200 continetur,
1908 1111 1911 1122 '

516 1227 751 1310 chronicon
775 1219 968 1306 Iohannis
992 1219 1218 1329 Brompton
1249 1217 1404 1300 abbatis
1429 1221 1717 1324 Jorevalfensts,
1745 1221 2008 1310 Cisterciensts

460 1348 648 1434 instituti.
664 1392 689 1435 cc

514 1505 540 1552 oe
558 1469 752 1578 Inscriptio
784 1463 964 1548 neoterica
975 1498 987 1556 3
1022 1460 1077 1542 ad
1103 1460 1235 1542 calcem
1267 1477 1389 1542 autern
1421 1461 1565 1559 codicis,
1601 1467 1769 1548 “Liber
1801 1466 2009 1573 monasterii

454 1603 485 1688 *ξ
504 1589 761 1702 Joreoallerfis
779 1619 824 1667 ex
843 1584 1103 1694 procuratione
1118 1582 1256 1663 domini
1273 1582 1445 1662 Iohannis
1469 1585 1668 1694 Brompton
1694 1588 1839 1670 abbatis
1857 1590 2007 1698 ejersdem

459 1725 487 1762 “
505 1713 597 1794 loci:
612 1711 750 1822 siquis
768 1708 861 1790 tunc
881 1707 1017 1787 librum
1041 1703 1268 1786 alienaverit
1289 1703 1467 1784 delebitur
1489 1706 1532 1787 de
1554 1708 1649 1790 libro
1667 1711 1797 1792 vita.”
1851 1715 1898 1794 In
1907 1716 2007 1820 folio

456 1835 648 1942 rejetlitio,
679 1845 706 1882 ‘⁶
727 1836 823 1913 Hac
847 1829 1017 1909 chronica
1045 1843 1256 1934 comparata
1284 1825 1330 1933 est
1354 1856 1381 1906 a
1408 1827 1579 1935 magistro
1608 1833 1722 1912 Petro
1752 1831 1913 1940 Oslurne
1934 1853 2008 1945 pro

457 1957 675 2040 “chronica
706 1950 899 2063 Rannlthi
926 1947 1109 2057 Cestrensts
1124 1948 1213 2055 stoc
1239 1946 1504 2057 polichronicon
1531 1951 1675 2035 Latine
1706 1955 1749 2035 in
1777 1983 1905 2067 magno
1938 1987 2005 2040 vo·

455 2081 626 2164 lamine.'’
1016 2146 1018 2148 .
1403 2095 1405 2102 ’

508 2207 633 2286 Extat
659 2202 759 2282 inter
776 2197 892 2281 decern
897 2193 1128 2304 scriptores:
1155 2191 1222 2274 uti
1245 2191 1332 2276 vr'ole
1349 2189 1630 2303 clisprtationem
1649 2199 1797 2284 Seldeni
1812 2193 1857 2283 dc
1879 2221 2007 2287 actore

452 2324 560 2433 honus
577 2323 751 2407 chronici.

840 2471 1107 2592 xcvo.
1138 2457 1297 2592 rene
1329 2473 1596 2656 cxxlr.

1077 2687 1372 2808 xcvffl.

505 2865 550 2939 '1.
577 2851 713 2936 Rocula
740 2850 1013 2934 membranacea
1037 2850 1218 2932 continens
1242 2850 1345 2932 duas
1367 2847 1525 2932 tabulas
1555 2849 1828 2960 genealogicas
1859 2879 2003 2964 regum

577 2971 751 3081 Angliae,
771 2998 897 3052 unam
916 2971 967 3051 ab
987 2973 1147 3052 Adamo
1169 2971 1220 3076 od
1243 2970 1489 3052 Edwardum
1509 2968 1561 3067 iv,
1583 2973 1749 3054 alteram
1777 2973 1827 3054 ad
1847 2977 2000 3059 Henri·

579 3121 676 3177 cunt
694 3119 732 3174 v.

510 3228 548 3287 2.
576 3203 713 3284 Rotula
736 3201 1009 3284 membranacea
1023 3184 1313 3312 prioristmilis,
1333 3199 1515 3282 continens
1532 3203 1699 3286 eandem
1723 3205 2000 3318 genealogiam

577 3327 629 3409 ad
647 3325 877 3407 Henricum
897 3321 951 3406 vi.

1102 3477 1336 3600 XCIX.

506 3641 626 3724 Codex
639 3639 928 3722 membranaceus
947 3637 1104 3746 infolio,
1112 3635 1234 3750 seculo
1251 3671 1319 3736 xo,
1328 3641 1510 3750 scriptus,
1530 3639 1572 3720 in
1590 3665 1659 3746 qno
1674 3640 1918 3741 continentur,

505 3765 678 3846 VARH
704 3763 1066 3844 TRACTATUS
1095 3765 1173 3844 DE
1201 3765 1424 3846 LAPIDE
1453 3763 1901 3869 PHILOSOPHICO‚
1922 3767 2003 3853 viz.

512 3911 546 3965 1.
575 3883 812 3994 Qestiones
834 3884 953 3966 Kalid
974 3883 1075 3992 regis
1096 3885 1146 3966 ad
1166 3882 1403 3967 Morienum
1422 3887 1672 3982 Romanum,
1694 3903 1739 3994 p.
1766 3913 1801 3971 1.

505 4029 544 4088 2.
573 4003 789 4086 Traliatus
810 4002 881 4112 qui
899 3999 1059 4104 dicitur,
1089 4015 1116 4052 “
1135 4005 1278 4087 Planta
1297 4005 1519 4099 arborem,”
1542 4021 1582 4112 p.
1604 4005 1643 4086 6.

572 4121 746 4206 Habetnr
763 4122 824 4208 hic
837 4127 1023 4207 tratiatns
1037 4125 1080 4208 de
1096 4123 1206 4207 verbo
1223 4127 1265 4208 in
1283 4124 1435 4210 verbnm
1453 4125 1495 4206 in
1500 4123 1646 4234 speculo
1659 4126 1885 4213 Alcloimia:
1911 4131 1998 4216 vide
2123 4115 2126 4127 ¹

574 4243 682 4354 infra
703 4268 770 4326 21.

513 4389 516 4398 ·
1810 4384 1851 4464 3.
1877 4362 1999 4442 Prac-

504 4629 730 4714 xcv1.}-Vn.
747 4635 814 4698 Cor.
829 4631 870 4698 Β.
884 4652 915 4700 2.
932 4631 1028 4700 MSS.
1045 4635 1129 4717 Argi
1150 4655 1327 4721 1290-14.

502 4725 581 4792 The
596 4727 756 4810 following
776 4741 846 4792 coat
867 4725 905 4792 of
921 4747 1003 4792 arms
1025 4727 1052 4792 is
1073 4729 1212 4814 depicied
1236 4732 1269 4793 in
1290 4731 1346 4793 the
1364 4729 1461 4793 initial
1483 4729 1573 4793 letter
1594 4724 1632 4792 of
1651 4725 1714 4792 this
1732 4725 1901 4806 chronicie,
1925 4728 1989 4796 viz.

449 4823 616 4908 quarterly,
639 4821 700 4888 first
714 4824 773 4886 and
790 4822 896 4886 fourth
911 4845 960 4887 az.
977 4823 1084 4889 frettee
1097 4845 1133 4888 or
1146 4846 1163 4888 a
1176 4822 1263 4888 chief
1279 4822 1316 4888 of
1327 4823 1380 4888 the
1395 4823 1518 4900 second,
1540 4821 1651 4886 second
1671 4821 1733 4886 and
1747 4821 1829 4885 third
1845 4826 1925 4888 varie
1941 4844 1990 4887 ar·

449 4931 524 4998 gent
540 4918 600 4980 and
616 4935 721 4995 azure,
744 4915 832 4982 afess
847 4919 954 5003 gules3
978 4920 1129 5004 impaling
1143 4920 1308 5006 quarterly,
1323 4917 1386 4986 first
1400 4917 1461 4986 and
1476 4915 1600 5000 fourth,
1615 4916 1694 4983 fabio
1710 4937 1727 4984 a
1742 4923 1821 4984 crois
1837 4915 1995 5006 engrailed=

447 5031 496 5092 or,
513 5011 621 5077 second
637 5014 696 5079 ond
713 5014 808 5092 third,
822 5014 907 5100 guies
923 5035 940 5077 a
954 5015 1033 5083 croft
1047 5016 1164 5084 moline
1178 5028 1295 5104 argent.
1345 5062 1348 5068 ,

503 5105 681 5194 xcv111.]
697 5111 761 5180 Ver.
778 5113 844 5176 Cor.
865 5107 955 5174 Misc.
973 5131 1026 5202 ²3·

502 5203 727 5290 xc1x.]tor.
746 5209 812 5274 Gor.
829 5203 920 5273 Mite.
940 5203 985 5274 X.
