4994 6264
1044 757 1328 856 cccccx,
1885 793 1987 906 4¹9

493 971 538 1059 5.
567 939 774 1028 Sententia
804 940 1235 1027 excommunicationis
1267 943 1350 1026 lata
1383 969 1407 1026 a
1440 941 1623 1026 Roberto
1654 943 1703 1026 de
1732 943 1990 1058 Totebrygge

565 1063 738 1176 episcopi
761 1060 1026 1148 Norwicensn
1056 1061 1323 1146 commiffario
1352 1061 1396 1146 in
1425 1091 1491 1147 eos
1521 1061 1594 1174 qui
1623 1063 1912 1151 monasten'um
1941 1069 1991 1150 de

566 1183 770 1269 Thetford
788 1181 1071 1295 spoliaverunt,
1094 1210 1117 1265 2
1134 1186 1169 1265 F
1170 1183 1232 1264 eb.
1257 1209 1302 1290 13
1311 1181 1374 1291 58.

496 1307 536 1390 6.
566 1303 887 1389 Constitutiones
906 1305 1091 1416 quaedam
1111 1303 1386 1390 ecclesiasticae.

495 1453 538 1538 7.
566 1423 774 1538 Expositio
792 1421 1040 1534 praefationis
1064 1422 1197 1509 miffae.

498 1549 537 1634 8.
567 1545 989 1660 speculum-ecclesa.

1017 1743 1408 1862 CCCCLXI.

406 1995 408 2000 ,
494 1905 612 1992 Codex
629 1903 918 1988 membranaceos
936 1901 978 1986 in
999 1901 1065 1999 8'0,
1071 1902 1193 2010 seculo
1210 1903 1470 2014 xivscrtptus,
1491 1906 1533 1986 in
1551 1932 1618 2018 quo
1635 1909 1878 2004 continentur.

500 2056 536 2112 1.
564 2025 772 2112 Institutio
790 2023 978 2137 quaedam
996 2023 1096 2131 juris
1115 2022 1257 2108 civilis.

497 2175 536 2233 2.
566 2145 870 2259 Compendium
889 2142 1178 2228 sententiarum
1197 2147 1311 2256 Mag.
1322 2146 1431 2232 Petri
1448 2147 1683 2234 Lombardi.

496 2297 536 2384 3.
565 2267 783 2352 Tractatus
803 2265 853 2348 de
870 2262 1119 2348 sacramento
1139 2263 1287 2350 altaris.

494 2417 535 2495 4.
566 2387 784 2498 Speculum
805 2383 987 2470 ecclefiae.

1007 2572 1428 2702 CCCCLXII.
1490 2569 1493 2577 ⁸

416 2727 420 2737 Ι
496 2743 617 2830 Codex
634 2742 924 2827 membranaceus
941 2741 984 2824 in
1003 2755 1059 2852 4¹⁰
1077 2745 1225 2844 minori,
1247 2745 1288 2826 in
1306 2775 1373 2858 quo
1391 2743 1635 2840 continentur,

504 2895 539 2949 1.
569 2864 867 2976 Recapitulatio
887 2863 1112 2950 Bibliorum
1132 2864 1327 2978 usquead
1347 2866 1497 2950 librum
1518 2866 1635 2948 Ruth
1654 2861 1858 2962 inclusive,
1871 2863 1947 2974 fol.
1965 2893 1994 2944 ι.

499 3013 537 3071 2.
569 2991 692 3074 Carta
712 2985 882 3070 Henrici
898 2989 929 3069 1.
958 2989 1007 3070 de
1035 2987 1255 3072 donatione
1283 2987 1450 3072 ecc'leiiae
1470 2991 1515 3070 B.
1529 2986 1672 3072 Mariae
1691 2985 1877 3072 Doveriae
1896 3013 1995 3070 con-

566 3107 707 3192 ventui
726 3107 892 3191 ecclefiae
912 3105 1062 3192 Christi
1082 3113 1277 3194 Cantuar.
1293 3109 1369 3220 sol.
1382 3139 1449 3215 41.

500 3260 539 3344 3.
568 3227 838 3314 Confirmatio
851 3227 1027 3336 ejusdem
1041 3227 1272 3314 donationis
1287 3258 1358 3342 per
1369 3227 1657 3313 Innocentium
1672 3257 1834 3343 papam,
1841 3227 1917 3339 fol.
1928 3253 1993 3333 42.

497 3381 539 3460 4.
568 3348 853 3462 Interpretatio
867 3348 1086 3434 nominum
1101 3351 1371 3438 Hebraeorum
1385 3369 1426 3434 et
1441 3351 1679 3436 Graecorum
1694 3351 1737 3436 in
1755 3352 1996 3434 S.S.occu1·-
2071 3397 2080 3404 -

569 3470 761 3556 rentium.

439 3629 442 3634 ·
501 3620 540 3703 ς.
569 3586 888 3673 Consuetudines
907 3585 1130 3670 Lanfranci
1149 3585 1338 3724 episcopi,
1353 3587 1430 3700 fol.
1445 3586 1581 3698 87

502 3715 541 3796 6.
570 3714 634 3794 De
652 3712 691 3790 S
705 3703 878 3792 Patricio
896 3726 936 3788 et
955 3705 1041 3814 ejus
1061 3707 1311 3818 purgatorio.

994 3907 1446 4027 CCCCLXIII.

501 4073 619 4158 Codex
636 4071 926 4168 membranaceus
943 4070 985 4152 in
1007 4069 1478 4183 8'·‚secu10xivscrptus,
1498 4071 1538 4154 in
1556 4099 1622 4184 quo
1640 4071 1858 4168 continetur,

501 4191 632 4278 Biblia
649 4191 798 4276 Latina
816 4191 993 4304 vulgata.

1553 4311 1848 4396 CCCCLXIV.
1879 4313 2000 4402 Codex

503 4606 553 4690 8.]
567 4606 637 4676 Vade
650 4601 835 4669 CCLXIII.
851 4599 1065 4668 CCCCLXI.
1082 4619 1115 4687 3.

500 4705 733 4788 ccccm]
749 4705 812 4774 Vet.
828 4707 896 4772 Cat.
911 4703 960 4788 Q
973 4725 1005 4790 9.
1023 4703 1119 4770 MSS.
1135 4703 1221 4788 Aegl.
1241 4703 1444 4792 1530-263.

505 4811 556 4895 2.]
571 4811 642 4880 Vide
656 4807 777 4875 CCIX.
798 4829 826 4874 ι.
1338 4861 1342 4870 .

501 4915 552 5000 4.]
568 4914 637 4984 Vm
651 4907 835 4978 CCLXIII.
851 4907 1049 4977 CCCCLX.
1066 4933 1099 4998 9.

499 5011 750 5096 cccclxii]
767 5013 831 5084 Vel.
849 5014 915 5078 Coe.
929 5010 977 5077 N.
998 5033 1045 5100 ¹3·
1062 5011 1159 5080 MSS.
1173 5011 1258 5097 Ange
1279 5011 1478 5101 1453-176.

499 5115 766 5203 ccchX111.]
782 5115 846 5189 Ver.
861 5119 929 5186 co.
944 5113 992 5186 G.
1011 5137 1060 5204 ις.
1077 5113 1176 5181 MSS.
1187 5117 1273 5200 Angl.
1294 5137 1463 5206 1350··73·
1619 5201 1625 5214 .

1126 5223 1304 5332 Ggga
