4980 6264
1126 929 1316 1052 XCI.

520 1092 636 1174 Codex
652 1088 940 1171 membranaceus
959 1088 1115 1199 infolio,
1121 1091 1244 1196 seculo
1262 1092 1332 1170 xiv
1338 1089 1517 1199 scriptus,
1538 1086 1578 1166 in
1597 1113 1664 1195 quo
1681 1080 1899 1177 continetur,

466 1295 470 1306 ,
521 1208 758 1318 L’hystoires
778 1209 845 1290 des
865 1210 1073 1315 Seigneurs
1092 1213 1141 1292 de
1160 1215 1343 1290 Gaures:

521 1334 586 1411 Ita
604 1330 751 1437 placuit
768 1329 895 1410 autori
904 1327 1083 1432 fabulam
1095 1331 1206 1438 suam
1230 1329 1438 1424 nominare;
1467 1323 1733 1406 —dubitavit
1752 1322 1807 1404 Cl.
1828 1318 2012 1403 Stanleiccs

467 1469 593 1534 utrum
604 1450 703 1558 stila
717 1447 774 1548 stt
801 1479 851 1529 an
876 1477 970 1528 vera
998 1449 1174 1550 historia:
1193 1451 1236 1552 st
1257 1447 1408 1528 codicem
1436 1447 1647 1552 diligentius
1669 1442 1865 1552 evolviſjet‚
1895 1441 2014 1522 nullus

455 1568 589 1681 fuifflt
617 1565 811 1649 dubitandi
838 1568 943 1649 locus.
988 1573 1259 1677 Argumentum
1287 1571 1383 1648 enim
1412 1568 1527 1676 operis
1552 1565 1718 1646 breviter
1736 1565 1793 1670 stc
1813 1561 1857 1674 sc
1883 1562 2017 1653 habet3

468 1687 589 1798 Gnido
602 1687 644 1768 de
660 1688 801 1780 Gaura,
820 1688 884 1794 qni
901 1704 1055 1796 tempore
1071 1693 1120 1770 B.
1136 1687 1324 1770 Ludovici
1336 1688 1435 1794 regis
1450 1689 1676 1768 Francorum
1680 1682 1844 1792 floruiffe
1858 1683 2015 1776 dicitur,

469 1835 616 1890 uxorem
634 1805 908 1886 incontinentiae
920 1808 995 1916 fal
1005 1837 1023 1887 o
1037 1809 1253 1915 suspectam,
1283 1825 1320 1887 ot
1338 1807 1541 1912 parvulum
1555 1804 1683 1908 filium
1701 1805 1932 1886 Ludavicum
1952 1829 2017 1884 na·

469 1929 580 2024 mine,
610 1927 652 2006 in
676 1926 828 2007 exilium
847 1928 937 2034 egit.
993 1927 1220 2023 Ludovicus,
1246 1945 1404 2008 matura
1414 1926 1503 2034 jam
1521 1926 1658 2020 atatis,
1685 1925 1818 2006 relicta
1836 1943 1955 2004 matre
1978 1923 2018 2002 in

469 2048 642 2130 orientem
662 2046 847 2155 profectus
865 2045 915 2154 est
921 2085 933 2142 3
961 2048 1027 2128 ubi
1044 2047 1147 2156 apud
1161 2051 1382 2130 Antenorem
1399 2047 1521 2128 ducem
1540 2045 1771 2128 Athenarum
1789 2045 1938 2152 hospitio
1955 2071 2020 2124 ac-

472 2186 606 2278 ceptus,
632 2167 819 2274 multisque
836 2167 878 2247 in
897 2167 1060 2249 inimicos
1078 2168 1180 2256 ducis
1198 2167 1372 2249 viriliter
1383 2167 1561 2280 peractis,
1587 2166 1749 2248 Idoriam
1754 2167 1884 2274 filiam
1903 2163 2024 2246 Ante-

473 2291 573 2374 noris
591 2289 700 2372 duxit
718 2289 759 2369 in
777 2317 937 2386 uxorem,
956 2317 1058 2398 eoque
1075 2288 1255 2396 defuncta,
1267 2288 1407 2398 summo
1419 2289 1559 2396 potitus
1578 2287 1624 2394 esl
1641 2287 1805 2396 imperio.
1862 2286 2025 2370 Tandem

475 2411 518 2511 in
537 2409 702 2492 Galliam
727 2409 905 2516 reversas,
931 2409 972 2490 in
988 2407 1181 2516 hastiludio
1199 2410 1302 2518 apud
1316 2407 1568 2517 Compendium
1595 2407 1713 2490 adbuc
1737 2408 1941 2516 incognitus
1967 2405 2026 2487 rei

477 2528 659 2612 militaris
665 2529 812 2636 peritia
813 2529 997 2634 stammam
1011 2528 1160 2637 adeptus
1170 2530 1344 2636 gloriam,
1360 2527 1612 2636 aparentibus
1628 2530 1785 2610 maximo
1798 2557 1879 2609 cum
1888 2525 2027 2634 gaudia

477 2649 678 2756 accipitur.
720 2647 872 2727 Rectius
889 2648 1027 2754 igitur,
1046 2665 1088 2728 ut
1101 2647 1195 2726 milri
1212 2647 1377 2742 videtur,
1385 2645 1532 2756 seciffet
1544 2665 1667 2742 autor,
1671 2649 1714 2754 st
1723 2647 1908 2756 historiam
1914 2649 2027 2755 suam

479 2785 771 2874 nuncupaverat,
793 2777 819 2812 “
837 2769 903 2846 La
920 2794 1085 2848 romance
1103 2767 1147 2848 de
1163 2766 1279 2848 Lonis
1297 2766 1339 2848 de
1360 2769 1540 2850 Gaures.”
1586 2771 1706 2850 Porro
1724 2769 1818 2850 dicit
1836 2769 1930 2850 hanc
1952 2766 2027 2870 his-

480 2889 617 2973 toriam
628 2889 749 2992 primo
763 2889 893 2966 Graece
893 2882 1092 2993 scriptam,
1109 2885 1234 2966 deinde
1249 2888 1396 2968 Latina
1410 2889 1566 2994 uerstane
1579 2887 1761 2984 donatam,
1774 2889 1893 2997 postea
1908 2892 1945 2970 F
1945 2889 2030 2968 lan-

482 3009 601 3114 drenst
615 3006 786 3086 idiomate
804 3025 983 3102 ornatam,
1003 3007 1173 3114 postremo
1192 3007 1234 3088 in
1253 3007 1438 3090 Gallicam
1456 3011 1621 3118 lingnam
1645 3039 1670 3092 a
1683 3013 1728 3121 se
1740 3009 1857 3120 fuiffo
1873 3011 2030 3120 versam,

483 3128 609 3212 ultimo
627 3125 687 3205 die
705 3127 866 3220 Martis,
887 3130 941 3207 A.
962 3129 1021 3208 D.
1047 3153 1092 3232 13
1101 3128 1166 3232 56.

541 3248 612 3332 Ad
634 3247 788 3330 initium
815 3247 945 3330 codicis
972 3249 1018 3358 2ss
1039 3251 1194 3358 pictura
1216 3248 1470 3358 elegantiffima
1486 3251 1558 3364 stul
1581 3251 1727 3361 injuria
1753 3251 1922 3362 temporis
1944 3268 2036 3362 pene

486 3371 617 3454 deleta.

1159 3543 1360 3660 XCII.

547 3701 663 3783 Codex
679 3698 967 3783 membranaceus
986 3699 1027 3779 in
1031 3698 1143 3804 solio,
1152 3703 1272 3812 stculo
1288 3703 1366 3783 xiii
1378 3701 1552 3810 scriptus,
1572 3702 1615 3783 in
1632 3730 1698 3811 quo
1717 3703 1935 3798 continetur,

547 3819 781 3901 Chronicon
804 3815 1015 3925 [Florentii
1034 3819 1357 3930 Wigornienfis.]

549 3937 798 4020 continuatur
821 3937 971 4040 historia
988 3936 1042 4016 ad
1055 3965 1190 4020 annum
1213 3949 1321 4045 24³¹¹¹¹²
1340 3942 1453 4022 Edw.
1474 3944 1508 4022 Ι.
1528 3958 1565 4023 et
1583 3941 1773 4024 concordat
1790 3971 1870 4024 cnm
1888 3943 2044 4028 editione

490 4060 810 4168 Froncffurtiana
827 4059 932 4170 nsque
949 4057 1003 4140 ad
1016 4085 1152 4140 annum
1173 4061 1284 4168 32⁶⁰¹¹¹
1304 4063 1469 4146 Henrici
1481 4067 1517 4160 I,
1524 4061 1597 4172 sed
1610 4063 1658 4144 ab
1677 4063 1740 4146 hoc
1755 4093 1848 4146 anno
1866 4067 1919 4148 ad
1922 4069 2041 4178 finem

495 4183 600 4292 usque
615 4181 722 4288 plane
741 4180 891 4285 diversa
908 4175 967 4279 cll

492 4385 497 4394 ,
552 4300 719 4384 “Liber
744 4300 889 4382 abbatis
912 4316 949 4378 ct
973 4316 1166 4382 conventus
1192 4299 1235 4382 dc
1253 4302 1381 4411 Burgo
1404 4303 1444 4382 S.
1465 4303 1615 4399 Petri,'’
1644 4332 1690 4384 ex
1713 4331 1785 4409 qua
1812 4305 2045 4413 ieffcrtptiane

497 4423 559 4504 hic
581 4419 688 4501 codex
711 4420 915 4500 nominatus
933 4415 979 4516 est
996 4445 1021 4495 a
1039 4418 1206 4525 Jocelina
1225 4449 1325 4526 quem
1339 4423 1466 4532 secuti
1473 4421 1569 4529 sunt
1587 4423 1771 4530 Jamestus
1790 4445 1827 4506 et
1845 4429 2044 4526 Stanleins,

490 4557 527 4593 ·‘¹
547 4539 727 4626 Chronica
745 4542 893 4624 Latina
912 4536 1286 4649 Petroburgeofinm.”

1752 4668 1903 4748 XCIII.
1932 4670 2046 4754 Codex

532 4855 2040 4894 η-ἫἭ

561 4971 670 5052 XCI]
687 4971 750 5038 Vct.
767 4967 833 5032 Cat.
849 4967 888 5032 Β.
906 4987 938 5054 3.
953 4969 1049 5034 MSS.
1065 4967 1150 5052 Angl.
1169 4989 1303 5057 1291··1
1308 4990 1341 5056 ς.

562 5074 688 5158 XCII]
705 5075 768 5146 Vn.
785 5078 851 5142 Cat.
868 5073 908 5142 C.
926 5095 958 5161 7.
973 5073 1072 5144 MSS.
1087 5076 1173 5160 Angl,
1192 5077 1363 5166 oppos-28.
