5058 6274
1073 817 1315 918 CCLXV.
1637 787 1643 798 ’
1835 761 1839 772 .
1901 849 1994 942 311

573 1003 774 1117 irfigaim
808 1019 844 1087 et
872 1001 1003 1087 multus
1038 1001 1162 1087 dubito
1190 1009 1316 1088 utrum
1331 1000 1587 1116 strbsequmtia
1615 1001 1718 1084 inter
1741 1015 1872 1113 portes
1899 999 2006 1108 hujus

564 1125 822 1240 penitentialis
827 1127 907 1232 fiat
925 1124 1163 1208 numeranda.

555 1291 617 1335 'me
633 1249 747 1330 Ordo
766 1245 1020 1348 confessionis
1041 1244 1166 1330 sansii
1186 1235 1432 1342 Hieronimi,
1462 1244 1635 1357 qualiter
1655 1241 1840 1329 confiteri
1863 1239 2005 1324 debeat

635 1365 874 1450 christianus
895 1385 1056 1478 peccata
1075 1365 1156 1463 sua,
1178 1364 1384 1461 saxonice,
1409 1379 1449 1473 p.
1463 1389 1531 1474 27.

634 1489 702 1568 Ex
719 1487 914 1570 canonibus
918 1487 995 1596 fieb
1015 1486 1166 1595 Edgaro
1184 1515 1269 1595 rege
1288 1486 1408 1568 editis.

579 1613 616 1694 C.
636 1607 823 1718 Qaliter
840 1605 1018 1690 sacerdos
1038 1605 1230 1720 suscipere
1248 1605 1395 1689 debeat·
1410 1603 1673 1716 penitentem,
1696 1617 1739 1712 p.
1754 1627 1820 1710 94.

574 1766 615 1834 p.
635 1731 836 1840 Excerpta
855 1730 904 1810 de
921 1728 1033 1813 libris
1053 1732 1337 1811 Romanorum
1356 1743 1396 1808 et
1414 1729 1680 1820 Francorum,
1703 1740 1746 1831 p.
1765 1750 1855 1803 roo.

573 1849 606 1933 d.
632 1848 831 1959 Exempla
851 1847 1047 1930 Saxonica
1065 1845 1380 1960 accastigationis
1403 1845 1635 1944 hominum,
1657 1862 1699 1954 p.
1718 1867 1808 1949 105.

578 2008 606 2056 a.
636 1969 811 2050 Decreta
829 1987 868 2052 et
888 1967 1063 2080 epistolae
1083 1971 1367 2052 Romanorum
1386 1965 1630 2080 pontificum
1650 1964 1920 2074 aliorumque.

511 2123 550 2204 9.
580 2089 760 2202 Epistola
784 2091 1046 2206 Theodulphi
1066 2087 1309 2174 Aurelienfis
1339 2087 1513 2206 episcopi
1542 2091 1593 2204 ad
1618 2085 1853 2201 parochiam
1881 2085 2009 2184 suam,

609 2275 618 2295 .
637 2237 726 2294 122.

516 2233 748 2420 ropSermo
766 2329 908 2416 Eisrici
926 2329 1098 2444 episcopi
1117 2329 1362 2434 adelericus,
1387 2349 1428 2444 p.
1447 2357 1537 2442 159.

578 2501 582 2512 ·
609 2453 1348 2555 Matrimoniamclaricorumcondemnat,
1360 2453 1674 2566 eradcassitatem
1688 2453 1885 2537 hortatur:
1904 2464 1930 2502 ‘⁸
1945 2481 2014 2536 non

613 2587 640 2624 “
659 2577 804 2658 autcm’'
822 2575 945 2683 inquit
962 2586 988 2624 ‘⁸
1003 2577 1159 2686 cogimus
1173 2575 1353 2661 vitlenter
1366 2607 1429 2662 vos
1442 2579 1632 2662 demittere
1645 2603 1772 2658 uxores
1787 2575 1937 2686 vrssras,
1945 2577 2019 2686 fid

610 2709 639 2746 ‘⁸
658 2696 814 2781 dicimus
826 2695 929 2780 vobis
942 2697 1063 2810 quales
1080 2695 1142 2807 effi
1155 2697 1302 2794 debetis,
1328 2719 1364 2782 et
1367 2701 1411 2806 st
1423 2725 1491 2782 non
1510 2697 1640 2795 vultis,
1661 2722 1722 2779 nos
1739 2697 1875 2782 erimus
1884 2699 2016 2808 ficari

611 2829 640 2866 “
658 2835 695 2899 et
712 2815 825 2898 tiberi
840 2843 866 2898 a
883 2817 1014 2929 vestris
1027 2821 1204 2928 peccatis,
1233 2819 1324 2930 quia
1340 2819 1507 2902 diximus
1524 2819 1627 2902 vobit
1645 2845 1792 2900 canones
1797 2819 2013 2928 standarum

613 2951 640 2986 “
654 2939 847 3045 patru'ml'

518 3084 582 3146 11.
612 3063 752 3144 Sermo
770 3055 943 3164 ejusdem
966 3057 1013 3144 ad
1033 3055 1265 3172 sacerdotes,
1288 3078 1440 3170 p.'174.
1470 3137 1476 3154 ,

610 3184 658 3264 In
676 3207 742 3290 quo
759 3181 837 3261 haec
854 3197 982 3264 notatu
1000 3181 1174 3289 digniora
1184 3220 1197 3277 3
1226 3225 1283 3245 -
1301 3191 1329 3230 “
1347 3179 1555 3290 infamibus
1573 3180 1782 3288 baptizatis
1796 3181 1932 3289 statim
1952 3185 2016 3268 de·

616 3313 643 3350 “
663 3299 755 3383 teris
781 3299 874 3382 dare
888 3305 1162 3384 communionem
1175 3303 1212 3382 :”
1240 3346 1298 3365 -
1316 3313 1342 3348 “
1361 3329 1431 3384 non
1457 3303 1543 3384 licet
1566 3302 1747 3386 celebrare
1774 3302 1912 3416 miffirm
1936 3335 2017 3390 crim

612 3435 638 3471 “
646 3423 721 3530 solo
734 3423 823 3502 vim
836 3451 901 3505 nec
914 3425 1084 3532 cumsola
1097 3452 1209 3534 aqua,
1229 3424 1321 3529 quia
1338 3425 1469 3507 vinum
1475 3426 1666 3536 fignificat
1679 3427 1833 3534 nostram
1852 3430 2015 3539 redemp-

617 3554 643 3590 “
663 3543 797 3624 tionem
808 3560 879 3651 per
884 3543 1107 3655 sanguinem
1127 3545 1279 3649 Christi,
1299 3565 1336 3628 et
1353 3548 1648 3656 aqaastguificat
1659 3550 1831 3658 populum
1850 3551 1934 3640 Dei
1947 3570 2019 3661 pro

614 3673 642 3738 ,⁸⁸
663 3691 729 3774 quo
746 3662 816 3770 ipst
826 3663 947 3774 paffias
966 3666 1046 3774 rsts’
1074 3707 1133 3726 -
1152 3669 1218 3748 De
1236 3667 1471 3776 eucharistia,
1492 3677 1521 3716 “
1535 3669 1666 3777 nonstt
1678 3687 1800 3751 tamen
1818 3669 2018 3782 hocsacri-

612 3781 782 3894 “ficium
797 3802 923 3891 corpus
937 3785 1011 3896 ejus
1029 3785 1071 3868 in
1090 3811 1156 3894 quo
1166 3785 1288 3896 paffias
1306 3787 1352 3896 ast
1363 3787 1565 3898 pronubis,
1586 3819 1650 3869 nec
1659 3791 1813 3898 sanguis
1827 3793 1901 3900 ejm
1915 3819 2018 3897 quem

616 3919 642 3955 “
654 3925 727 4019 pro
746 3905 845 3988 notis
864 3903 1006 4015 affudit,
1026 3907 1095 4009 sed
1095 3907 1359 4016 spiritualiter
1376 3927 1505 4017 corpus
1523 3907 1599 4014 ejru
1617 3907 1775 4018 afficitur
1791 3929 1827 3993 et
1842 3914 2015 4020 sataguit,

496 4099 501 4112 .
613 4027 747 4136 “ficut
760 4051 896 4108 manna
906 4027 1001 4136 quod
1011 4027 1053 4110 de
1065 4027 1148 4109 caelo
1152 4028 1254 4137 pluit
1268 4047 1303 4109 et
1311 4055 1410 4134 aqua
1418 4055 1499 4140 qua
1508 4028 1552 4111 de
1553 4046 1669 4138 petra
1671 4033 1818 4138 stuxt's'
1839 4031 2016 4114 Ultimum

615 4148 836 4232 herclecum
855 4179 879 4228 a
891 4147 1039 4258 paptsta
1058 4147 1208 4260 quodam
1227 4150 1310 4230 olim
1329 4149 1498 4258 obrastrm
1517 4177 1536 4230 e
1555 4151 1677 4230 veteri
1695 4151 1788 4232 libro
1808 4153 2016 4262 Exmiemis

612 4269 960 4384 bibliothecaesaiffe
977 4269 1184 4382 nstitutum
1203 4271 1355 4374 testotm
1374 4273 1416 4354 in
1434 4273 1601 4380 margine
1620 4271 1768 4381 quidam
1787 4280 1997 4358 neotericus.

524 4421 584 4476 12.
616 4399 679 4479 De
707 4393 907 4504 baptismo
923 4409 967 4476 et
990 4389 1100 4478 missa
1121 4391 1221 4505 [qua
1232 4393 1317 4503 sola
1336 4393 1512 4478 dicuutur
1524 4395 1784 4506 sacramenta]
1806 4397 2013 4482 ordinibus

613 4515 888 4612 ecclefiasticis,
910 4519 983 4598 &o
1006 4533 1047 4625 p.
1067 4513 1157 4598 180.

524 4663 538 4718 r
549 4667 586 4747 3.
617 4635 699 4720 Alii
718 4661 891 4744 canones
912 4635 1057 4744 sumpti
1079 4665 1099 4718 e
1119 4633 1320 4746 Gregorio
1339 4655 1378 4718 et
1399 4635 1611 4720 Andriauo
1635 4665 1755 4750 papa,
1776 4654 1820 4747 p.
1840 4665 1929 4746 199.

523 4785 585 4862 14.
615 4753 846 4840 Benedictio
867 4757 954 4866 post
974 4753 1281 4851 absolutionem,
1308 4774 1348 4862 p.
1367 4783 1461 4864 209.

518 4908 584 4990 15.
614 4879 994 4964 Eucommunicatio
1016 4903 1158 4964 contra
1180 4895 1479 4990 contemptores
1501 4875 1597 4990 legis
1621 4875 1792 4962 Domini
1812 4895 1852 4960 et
1874 4877 2013 4962 inimi-

1946 5027 2013 5082 cos

1030 5315 1100 5400 st]
1117 5315 1186 5386 side
1200 5313 1305 5381 CXC.
1326 5335 1375 5382 ro.
1396 5335 1445 5403 19·
