4980 6264
1110 839 1174 962 V,
1201 843 1287 940 VI.
1958 865 1986 966 3
2022 933 2026 940 .

440 1059 521 1116 curn
547 1025 711 1140 qeoeedoru
724 1026 808 1133 siut
829 1027 1007 1136 adfinem
1033 1027 1165 1109 codicis
1190 1025 1303 1136 nostri
1326 1024 1481 1121 Iocone,
1513 1021 1605 1106 unde
1620 1021 1747 1132 focile
1770 1021 1991 1104 intercidere

432 1153 599 1263 potuerit
622 1153 784 1236 notula*
815 1151 884 1232 iila
911 1150 965 1231 od
986 1151 1081 1232 buno
1102 1175 1252 1244 annum,
1272 1173 1353 1258 quoe
1381 1148 1422 1229 in
1441 1145 1557 1228 codice
1584 1147 1755 1230 Buriono
1774 1146 1989 1255 reperitur:

432 1291 621 1384 proterea
644 1274 746 1354 houd
766 1273 976 1382 inustaturn
994 1273 1079 1380 fuit
1097 1271 1278 1354 monacbis
1290 1271 1542 1385 stupplernento
1553 1270 1629 1380 stoa
1654 1268 1831 1376 historicis
1854 1267 1991 1373 oeij'un-

436 1427 525 1506 gere
537 1399 621 1502 stue
639 1397 768 1504 aliquo
782 1413 869 1478 noto
885 1395 1124 1501 distinotionis
1136 1396 1250 1476 inter
1268 1412 1353 1504 opus
1372 1379 1556 1505 originale
1572 1413 1608 1475 et
1621 1393 1821 1502 posteriora
1839 1391 1992 1473 addito-

439 1536 573 1603 ntento.
602 1517 811 1624 Multusest
828 1535 937 1600 outor
956 1517 997 1600 in
1016 1517 1368 1628 rebusecclefiosicis
1382 1537 1418 1601 et
1429 1513 1745 1626 vitissanoooron
1759 1511 1992 1620 enarrandis.

496 1639 566 1722 Ad
572 1640 742 1748 frontem
767 1640 906 1748 priruae
924 1639 1081 1748 pogiuae
1104 1638 1293 1748 utriusque
1321 1641 1515 1723 voluminis
1540 1637 1771 1746 inscribitur,
1802 1636 1924 1717 “Hic
1947 1634 1994 1736 osb

440 1769 468 1808 ‘⁸
484 1759 714 1871 libersoncbi
726 1760 873 1844 Abboni
888 1760 935 1841 de·
948 1759 1114 1842 librario
1127 1779 1320 1844 conventus
1331 1765 1367 1857 ;”
1388 1761 1430 1843 in
1443 1763 1571 1870 priore
1585 1787 1686 1856 vero,
1707 1759 1818 1840 “Vir
1835 1785 1993 1838 venero-

440 1890 468 1928 “
483 1882 569 1963 bilis
587 1882 749 1964 dominus
776 1878 964 1963 Wilelmus
984 1882 1200 1988 Wyntsbuil,
1228 1883 1404 1992 quondam
1432 1881 1538 1988 bosus
1563 1880 1769 1988 monosterii
1790 1878 1992 1973 monachus,

442 2015 468 2052 “
483 2005 584 2086 inter
602 2003 774 2112 plurima
798 2003 969 2110 beneficio
994 2005 1122 2115 quibus
1142 2006 1304 2087 bonorem
1332 2003 1437 2113 boson
1464 2005 1612 2112 ecclestec
1638 2001 1895 2111 multipliciter
1913 2026 1995 2081 orn·

441 2134 468 2172 “
480 2126 635 2234 plicuit,
657 2124 750 2206 bono
766 2123 966 2231 historiam,
994 2149 1076 2232 quoe
1093 2127 1236 2208 dicitur
1255 2154 1385 2226 aurea,
1416 2144 1452 2208 et
1471 2129 1512 2208 in
1531 2141 1660 2236 portes
1681 2123 1771 2206 duos
1790 2123 1994 2218 diuiditur,

441 2259 469 2296 “
484 2279 552 2330 non
568 2249 649 2355 stne
666 2248 810 2356 mugnis
823 2235 1034 2356 stemptibus
1044 2249 1151 2357 fecit
1168 2237 1356 2360 conscribi,
1386 2249 1484 2356 quod
1495 2266 1579 2358 opus
1598 2247 1639 2327 in
1656 2243 1821 2328 librario
1839 2269 1997 2328 convena

441 2379 469 2418 ‘¹
484 2389 546 2458 tuo
566 2369 620 2450 od
644 2387 727 2478 opus
755 2367 1005 2473 claustralium
1037 2399 1224 2454 remouere
1253 2373 1387 2455 voluit.
1432 2371 1548 2480 Cujus
1576 2370 1704 2452 unum
1731 2367 1998 2452 oubborizondo

441 2501 470 2538 “
486 2491 721 2600 corfirmovit
740 2489 958 2570 reverendus
977 2491 1018 2571 in
1037 2491 1176 2598 Chresto
1195 2493 1300 2600 bujm
1318 2493 1525 2601 monesserii
1544 2508 1658 2600 poter
1674 2509 1710 2572 ct
1729 2491 1840 2572 obbos
1859 2491 1995 2572 Iohan-

443 2619 544 2728 “uues
565 2609 857 2714 Wbetbonostede,
873 2614 1002 2715 soora
1016 2611 1202 2720 theologia
1213 2613 1401 2722 professor,
1420 2614 1628 2722 prodicium
1648 2613 1784 2693 librum
1803 2613 1845 2691 in
1863 2610 1996 2692 duobus
2090 2697 2098 2706 ,

442 2739 470 2778 “
485 2729 732 2812 voluminibus
747 2745 790 2809 ut
801 2729 1016 2837 predicitur
1029 2731 1193 2846 divistnn
1210 2734 1264 2814 od
1278 2733 1436 2841 opnssui
1453 2749 1646 2816 conventus
1657 2732 1890 2843 profuturis
1902 2749 1994 2814 teru-

441 2849 630 2963 “poribus
642 2847 1100 2960 perenniterstobilivit.’'.

1145 3052 1288 3173 VII.

498 3222 618 3306 Codex
635 3221 926 3303 membranaceus
944 3220 986 3302 in
997 3221 1097 3328 solio
1119 3223 1236 3324 seculo
1253 3252 1308 3304 xv
1327 3252 1353 3304 o
1371 3225 1523 3332 diuerss
1537 3222 1786 3333 scriptoribus
1807 3243 1996 3324 excretus,

440 3347 503 3429 cui
520 3345 651 3427 titulus
669 3372 781 3425 manu
799 3341 981 3424 neoterica
1000 3343 1185 3451 appositus,
1217 3355 1243 3391 “
1259 3346 1549 3456 Supplernentum
1576 3339 1738 3450 bisloriae
1755 3375 1880 3426 aurore
1898 3352 1931 3430 I.
1957 3350 2001 3430 dc

441 3477 470 3517 “
491 3463 689 3548 Tinmouth
718 3494 762 3545 ex
790 3463 948 3544 caenobio
980 3465 1020 3543 S.
1035 3463 1194 3560 Albani,
1223 3464 1268 3546 id
1286 3466 1345 3573 est,
1369 3485 1464 3576 pars
1486 3465 1637 3573 rnojoris
1666 3464 1826 3570 historice
1855 3469 2000 3550 Thornce

390 3693 391 3696 Ἴ
443 3598 471 3637 “
490 3585 784 3696 Wofflngborn·;”
802 3612 883 3694 quoe
901 3613 989 3666 vero
1007 3585 1049 3665 in
1067 3615 1104 3666 eo
1122 3593 1365 3684 continentur,
1386 3589 1511 3670 meiius
1529 3587 1665 3670 docebit
1669 3587 1821 3698 sequens
1839 3588 1998 3699 irscrop-

440 3711 494 3793 tio
512 3739 623 3792 nonu
643 3736 754 3792 coevo
773 3701 823 3786 ab
841 3708 955 3790 imum
970 3706 1108 3816 prirnae
1119 3707 1275 3816 poginn
1293 3729 1466 3803 exorato,
1497 3721 1524 3756 “
1544 3714 1657 3793 Hunc
1674 3709 1811 3792 librum
1830 3711 1998 3792 cronico·

443 3836 471 3881 ‘⁸
490 3833 558 3913 leno
584 3851 662 3913 torn
686 3829 863 3941 gestorum
891 3859 1020 3940 regum
1047 3858 1155 3938 quom
1182 3831 1355 3914 abbatum
1378 3833 1454 3943 post
1479 3851 1628 3916 mortem
1650 3831 1804 3944 ,dompni
1823 3833 2001 3914 Willelnri

442 3965 469 4004 “
489 3953 676 4065 Wyntbyll
691 3954 732 4033 in
749 3953 938 4060 quaternis
957 3953 1168 4036 derelictum
1183 3955 1343 4036 connecti
1347 3955 1452 4061 fecit
1474 3955 1642 4065 dompnus
1661 3955 1840 4036 Robertus
1860 3959 1975 4038 Wore
1985 3997 1998 4054 ς

442 4090 471 4129 “
490 4097 526 4160 et
544 4078 631 4161 licet
650 4076 807 4188 diversio
825 4077 999 4158 materiei
1017 4077 1166 4186 diverso
1179 4079 1276 4186 stent
1285 4093 1438 4187 propter
1457 4078 1613 4184 desectus
1632 4098 1912 4188 quarternornm
1930 4109 2001 4162 non

441 4213 470 4252 “
488 4201 733 4314 corsononcio,
745 4189 891 4302 studeat
909 4215 1031 4280 tomen
1049 4189 1160 4280 lector
1171 4199 1279 4302 flores
1294 4200 1502 4309 mellifluous
1516 4219 1552 4282 et
1569 4200 1743 4282 coloribus
1761 4202 1998 4298 ernoricotos,

443 4335 470 4372 “
482 4343 597 4434 prout
615 4341 775 4432 temporo
786 4323 966 4430 suerunt,
995 4317 1180 4430 degustare
1199 4323 1329 4403 timere
1347 4340 1382 4404 et
1404 4324 1612 4431 refutare.’'
1650 4327 1880 4433 Fragmenta
1898 4355 1999 4423 vero,

440 4447 484 4532 dc
500 4443 629 4556 quibus
647 4447 793 4553 agitur,
802 4445 896 4554 stent
913 4443 1003 4539 brec,

502 4597 536 4650 1.
567 4563 745 4648 Historia
765 4561 926 4672 Angliae
947 4565 997 4646 ab
1018 4591 1128 4646 anno
1153 4590 1259 4674 1377
1280 4563 1327 4648 ad
1349 4593 1506 4654 annum
1533 4595 1648 4674 1400.

1751 4714 1788 4770 2.
1818 4689 1997 4776 Historia

498 5038 519 5078 ⁴*
532 5031 656 5114 Neruio]
674 4985 739 5099 viz.
757 5031 892 5117 Explicit
908 5033 1040 5098 Historia
1056 5037 1160 5104 Aurea
1172 5035 1323 5101 Iohannis
1339 5036 1478 5123 Anglici‚
1493 5034 1621 5105 Tonnrri
1637 5033 1771 5102 Ribiiotb.
1788 5053 1862 5118 440.

497 5143 591 5226 vlu]
611 5143 671 5212 Vct.
691 5144 757 5208 Cot.
775 5141 849 5211 Sub.
869 5143 906 5210 B.
926 5165 957 5230 3·
975 5145 1074 5213 MSS.
1092 5145 1178 5232 Angi.
1200 5147 1404 5236 1616-349.

1176 5263 1259 5340 Ae
