5000 6264
472 803 567 872 212
1130 765 1408 870 CXXXIX.

525 964 564 1044 6.
594 966 657 1046 De
674 959 885 1044 obscllione
903 959 1098 1046 Dunelmi
1116 979 1156 1044 et
1174 963 1223 1043 de
1240 960 1440 1072 probitate
1458 957 1643 1044 Uithrcdi
1664 958 1834 1042 comitis.
2082 1069 2085 1076 1

525 1109 565 1193 7.
594 1083 771 1166 Historia
789 1083 932 1166 santra
946 1102 985 1165 et
1001 1083 1126 1166 suavis
1146 1081 1347 1166 memoriae
1364 1081 1570 1191 Symeonis
1586 1080 1773 1163 monachi
1791 1101 1829 1162 et
1849 1107 2011 1191 precen-

593 1205 691 1288 toris
711 1205 875 1288 eccleliae
895 1205 1019 1288 sancii
1038 1205 1253 1286 Cuthberti
1272 1203 1467 1288 Dunelmi
1484 1204 1532 1284 dc
1552 1203 1710 1312 regibus
1726 1205 1954 1312 ungrorum
1972 1221 2011 1284 et

594 1330 799 1408 Dacorum
819 1345 859 1406 ct
876 1326 1119 1410 creberrimis
1140 1325 1249 1408 bellis
1269 1343 1308 1408 et
1329 1324 1476 1434 rapinis
1498 1340 1537 1406 et
1555 1324 1745 1408 incendiis
1765 1351 1906 1407 eorum
1924 1324 2012 1436 post
2083 1332 2091 1353 ·’

592 1448 749 1530 obitum
774 1447 1006 1530 venerabilis
1028 1449 1142 1530 Bedae
1169 1447 1368 1560 presbiteri
1395 1445 1477 1529 sere
1501 1446 1624 1557 usque
1649 1447 1699 1529 ad
1718 1444 1875 1530 obitum
1894 1449 2011 1530 Hen-

592 1568 663 1651 rici
682 1567 753 1651 lilii
773 1569 967 1652 Willclmi
986 1569 1116 1652 nothi.

523 1689 562 1772 8.
591 1690 767 1772 Historia
785 1691 946 1774 Ioannis
964 1691 1106 1802 prioris
1127 1688 1447 1798 Hagustaldcnsrs
1464 1689 1628 1773 ecclesrae
1649 1693 1767 1771 XXV
1786 1717 2000 1774 annorum.

506 1839 562 1918 ¹9.
592 1811 813 1922 Descriptio
834 1813 1005 1896 Serlonis
1025 1812 1213 1894 monachi
1233 1810 1366 1894 fratris
1387 1811 1592 1922 Radulphi
1609 1810 1763 1894 abbatis
1785 1813 1834 1892 de
1852 1812 2008 1895 Parcho

590 1933 638 2014 de
656 1933 761 2015 bello
778 1933 881 2016 inter
897 1961 1030 2043 regem
1051 1935 1192 2016 Scotiae
1209 1949 1249 2015 et
1267 1935 1434 2016 barones
1456 1931 1625 2042 Angliae.

528 2081 589 2136 10.
619 2051 841 2165 Descriptio
861 2055 1092 2138 venerabilis
1111 2055 1185 2138 viri
1206 2054 1422 2144 AEthelredi
1441 2055 1593 2136 abbatis
1610 2051 1797 2144 Rievallis
1824 2054 1872 2137 dc
1900 2055 2006 2138 bello

612 2175 867 2285 interregem
887 2177 1027 2260 Scotiae
1044 2195 1082 2260 et
1102 2177 1269 2258 barones
1289 2175 1446 2285 Angliae
1467 2177 1575 2288 apud
1596 2177 1862 2258 standardum
1889 2175 2005 2284 juxta

432 2345 442 2361 ,
612 2298 899 2381 Alvertoniam.

522 2445 584 2498 11.
613 2420 829 2524 Qoddam
863 2419 1102 2502 miraculum
1135 2417 1316 2501 mirabile
1346 2417 1584 2529 descriptum
1620 2445 1644 2498 a
1670 2415 1758 2499 viro
1789 2417 2004 2501 venerabili

613 2541 842 2622 AEthelredo
866 2543 1007 2626 abbate
1027 2541 1193 2624 Rievall.
1214 2543 1262 2622 de
1280 2541 1453 2650 quadarn
1472 2536 1764 2622 sanctimoniali
1782 2536 1934 2622 femina
1953 2539 2003 2620 de

612 2664 801 2744 Wattun.

519 2811 580 2866 12.
610 2787 708 2888 Quo
727 2785 906 2866 modoet
932 2811 955 2865 a
982 2783 1129 2895 quibus
1148 2781 1361 2867 cenobium
1381 2786 1419 2864 S.
1433 2779 1574 2864 Mariae
1594 2781 1765 2864 Eboraci
1783 2780 2001 2866 fundatum

609 2903 670 3002 srt,
692 2923 731 2986 et
747 2926 916 3015 quantas
936 2905 1163 2990 invidorum
1182 2904 1500 3016 perturbationes
1519 2902 1735 3013 impulsum
1751 2903 2000 3001 sustinuerat,

609 3025 671 3108 scd
691 3027 767 3109 Dei
792 3047 1022 3138 protegente
1046 3027 1173 3136 gratia
1192 3025 1318 3134 magis
1339 3053 1384 3106 ac
1408 3025 1534 3133 magis
1554 3023 1718 3106 audium
1738 3041 1777 3106 et
1801 3023 2001 3136 multipli-

608 3165 745 3231 catum
764 3147 921 3245 fueram
949 3167 1089 3230 autore
1109 3147 1310 3257 Stephano
1328 3144 1498 3252 ejusdem
1518 3145 1673 3226 cenobii
1693 3145 1848 3226 abbate.

519 3297 579 3378 13·
609 3273 707 3378 Qo
727 3272 848 3352 modo
868 3269 1118 3352 Funtanense
1137 3267 1350 3350 cenobium
1369 3263 1533 3376 sumpsit
1551 3265 1772 3348 exordium.

515 3419 576 3494 14.
605 3391 782 3502 Epistola
806 3389 1018 3474 Thurstini
1045 3386 1324 3498 archiepiscopi
1344 3388 1466 3468 Ebor.
1494 3387 1544 3469 ad
1569 3386 1837 3469 Wilbelmum
1861 3386 1996 3470 archi·

604 3511 833 3622 episcopum
854 3517 1047 3610 Cantuar.
1065 3513 1114 3592 de
1137 3509 1306 3592 cenobio
1331 3513 1369 3590 S.
1382 3506 1525 3592 Mariae
1543 3509 1665 3592 Ebor.
1687 3527 1726 3592 ct
1751 3508 1999 3592 observantia

605 3635 751 3739 regulae
772 3637 809 3715 S.
822 3631 1021 3716 Benedidli
1040 3631 1084 3715 in
1102 3659 1163 3714 eo.

515 3779 576 3862 15.
607 3756 668 3834 De
688 3751 770 3836 vita
789 3771 829 3836 et
846 3753 1138 3837 conversatione
1159 3749 1363 3836 Gereberti
1382 3779 1510 3864 papae.

516 3879 576 3955 16.
605 3872 714 3955 Vilio
734 3876 875 3958 Karoli
895 3875 1158 3986 imperatoris.

513 4025 575 4105 17.
604 3995 714 4078 Visro
734 4001 770 4079 S.
784 3997 979 4080 Maurilii.
1132 4061 1133 4065 .

515 4118 576 4202 18.
605 4119 668 4198 De
688 4122 840 4201 annulo
861 4121 998 4202 statuae
1017 4118 1311 4202 commendato.

516 4267 576 4347 19.
606 4241 796 4323 Narratio
813 4244 861 4324 de
880 4269 1003 4326 uxore
1021 4237 1180 4323 Emulfi
1201 4241 1250 4320 ab
1270 4237 1376 4320 AElla
1396 4265 1484 4345 rege
1506 4236 1701 4321 Dciorum
1722 4239 1882 4322 violata.
2051 4331 2055 4338 ,

512 4387 577 4443 2ο.
607 4364 670 4442 De
684 4365 854 4473 eoquod
870 4361 1124 4446 Eboracensrs
1139 4359 1295 4447 ecclesia
1309 4361 1470 4442 nullum
1486 4358 1712 4442 dominium
1728 4357 1843 4474 super
1859 4365 1994 4444 Scotos

512 4631 577 4688 21.
606 4481 937 4709 Xiiibrbriiiisdirm
957 4603 1085 4690 clerici
1103 4605 1150 4686 de
1170 4603 1297 4713 gloria
1314 4601 1414 4713 regis
1435 4602 1657 4686 Malcolmi.

512 4753 575 4807 22.
605 4726 824 4835 Eulogium
850 4727 1116 4824 breviffimum
1140 4724 1356 4810 Britannia
1381 4725 1518 4808 insulae
1543 4727 1652 4835 quod
1672 4723 1853 4809 Ninnius
1872 4725 1994 4806 Εἰνο-

593 4849 703 4956 elugi
722 4849 935 4960 discipulus
956 4847 1222 4960 congregavit.

1823 4997 1887 5078 23.
1916 4972 1994 5052 Res

508 5243 560 5332 7.]
576 5245 645 5310 Vtile
658 5241 698 5309 C.
719 5265 747 5310 t.

488 5327 581 5430 Ι22]
598 5330 667 5399 Vide
682 5329 737 5398 cl.
756 5349 787 5397 2.
