4980 6264
513 773 575 897 38
1245 785 1376 880 LIX.

564 976 630 1060 23.
659 951 776 1036 Bulla
801 957 1029 1042 Innocentis
1057 987 1171 1076 papae
1195 959 1224 1046 ii
1243 993 1319 1078 pro
1342 965 1493 1054 clericis
1514 975 1814 1064 Cantuariensrs
1842 983 2059 1094 provinciae

662 1101 713 1155 ne
731 1073 885 1160 solvant
903 1083 1206 1191 procurationes
1227 1089 1524 1206 archiepiscopo
1544 1097 1700 1182 ratione
1718 1099 1968 1190 visitationis.

565 1217 631 1297 24.
659 1197 776 1279 Bulla
795 1197 967 1304 ejusdem
988 1231 1101 1315 papae
1120 1233 1172 1288 ne
1191 1209 1509 1323 archiepiscopus
1530 1215 1874 1330 suffraganeorum
1896 1227 2059 1316 suorum

658 1317 973 1424 jurisdislionem
1004 1327 1197 1438 impediat
1228 1330 1272 1416 in
1302 1335 1640 1445 appellationibus
1667 1345 1872 1433 adsedem
1901 1353 2060 1462 aposto-

486 1481 488 1486 ·
659 1438 777 1522 licam
797 1443 859 1525 vel
880 1450 1246 1559 metropolitanam.

562 1584 586 1640 2
592 1583 629 1667 5.
659 1564 782 1644 Carta
800 1563 1033 1652 libertatum
1054 1571 1196 1654 Sutria
1214 1575 1389 1660 concessa
1408 1561 1480 1690 per
1498 1582 1744 1668 Edwardum
1763 1590 1796 1670 Ι.

563 1683 629 1763 26.
659 1684 840 1768 Oleroun
861 1689 910 1769 de
927 1689 1137 1802 jugemens
1158 1696 1206 1778 de
1225 1698 1264 1780 la
1283 1723 1403 1782 meer.

563 1828 629 1913 27.
660 1806 959 1896 Testimonium
987 1814 1220 1900 libertatum
1246 1837 1286 1903 et
1311 1821 1623 1910 immunitatum
1642 1829 1810 1914 ecclesiae
1831 1837 1868 1916 S.
1888 1834 2059 1922 Martini

549 1961 552 1967 ·
658 1926 765 2012 infra
785 1935 921 2016 Dover
940 1963 963 2018 a
984 1964 1073 2047 rege
1092 1939 1308 2024 Withredo
1326 1941 1520 2029 fundatae.
1605 2008 1610 2016 -

561 2050 627 2132 28.
659 2054 816 2138 Statura
836 2083 928 2167 quae
948 2059 1139 2143 dicuntur
1160 2063 1399 2173 provifiones
1419 2069 1468 2150 de
1487 2071 1750 2181 Marleberge.

559 2199 627 2279 29.
654 2175 731 2255 Les
751 2176 1040 2263 establisemens
1061 2183 1123 2264 del
1145 2183 1206 2266 roi
1220 2185 1391 2270 Edward
1410 2187 1463 2270 fiz
1484 2191 1548 2271 del
1570 2191 1631 2272 roi
1651 2193 1782 2276 Henri
1801 2193 1864 2280 list
1884 2201 2056 2286 aWest·

658 2297 823 2382 minster
842 2329 864 2384 a
884 2301 954 2385 son
975 2303 1147 2414 premier
1163 2311 1324 2417 general
1343 2313 1581 2422 parlement.

560 2445 626 2526 3ο.
657 2419 904 2503 Provistones
925 2425 1169 2524 Glocestriae,
1181 2431 1328 2536 partim
1349 2433 1492 2515 Latine
1503 2433 1650 2542 partim
1669 2435 1825 2520 Gallice.

552 2567 625 2646 31·
655 2549 860 2625 Statutum
880 2544 929 2626 de
948 2546 1137 2654 religiosis
1158 2573 1184 2658 7
1203 2553 1317 2633 Edw.
1338 2555 1370 2634 I.

558 2691 625 2773 32.
655 2663 902 2748 Provistones
922 2668 970 2749 de
989 2671 1180 2752 Mertone
1191 2697 1252 2752 ao
1272 2675 1382 2756 Hen.
1402 2677 1476 2758 Ill.

559 2813 625 2895 33.
656 2789 816 2870 Statuta
834 2786 941 2872 fasta
960 2793 1067 2900 apud
1087 2791 1487 2878 Westmonasterium
1514 2825 1559 2905 13
1582 2795 1697 2882 Edw.
1715 2799 1749 2882 Ι.

557 2933 624 3013 34.
654 2911 777 2990 Carta
797 2908 1017 2991 Adelfreidi
1038 2913 1139 3020 regis
1160 2915 1208 2995 de
1226 2914 1409 3034 libertate
1429 2918 1611 3000 ecclesiae.

555 3053 622 3137 33.
651 3029 774 3108 Carta
802 3027 1034 3112 Cnuthonis
1065 3031 1166 3140 regis
1195 3034 1244 3112 de
1272 3031 1602 3115 immunitatibus
1631 3035 1861 3120 monasterii
1889 3039 1939 3121 de
1968 3039 2052 3122 Er·

650 3145 837 3229 encestre.

555 3271 621 3378 3-6.
651 3273 773 3352 Carta
802 3270 852 3351 de
877 3269 1134 3354 transsatione
1162 3270 1259 3354 sedis
1288 3269 1525 3354 cathedralis
1554 3272 1604 3354 de
1629 3271 1822 3360 Crideton
1851 3273 1896 3360 in
1915 3280 2053 3363 Exon.

651 3419 762 3474 anno
789 3415 836 3472 10
868 3419 906 3475 ο.

550 3541 621 3623 37.
650 3417 869 3596 Petitione5s
890 3513 1035 3596 oblatae
1055 3510 1098 3593 in
1117 3509 1386 3621 parliamento
1405 3514 1513 3623 apud
1533 3514 1708 3596 Karleol.

416 3723 420 3731 ,
553 3633 620 3743 38.
648 3633 763 3713 Edw.
781 3635 813 3712 I.
833 3649 975 3714 contra
994 3632 1228 3742 gravamina
1248 3651 1288 3716 et
1307 3633 1551 3716 extortiones
1572 3662 1699 3746 papae,
1722 3653 1762 3718 et
1777 3637 2051 3725 ordinationes

648 3751 798 3836 ibidem
819 3752 935 3836 sastae
954 3752 1093 3838 inhac
1112 3753 1240 3837 causa.
1713 3855 1716 3858 ¹

552 3904 619 3988 39.
648 3876 767 3957 Bulla
785 3873 979 3957 Iohannis
999 3903 1112 3986 papae
1128 3893 1268 3961 contra
1283 3877 1476 3988 quosdam
1491 3903 1641 3962 errores
1663 3877 1840 3989 magistri
1856 3879 2049 3966 Iohannis

651 4001 701 4081 de
721 3997 901 4080 Senliaco
923 4001 960 4080 S.
978 4001 1030 4079 T.
1048 4001 1102 4081 D.
1654 4099 1656 4104 Ι

551 4149 620 4228 4o.
649 4119 811 4202 Tabula
836 4119 1092 4229 genealogica
1122 4120 1330 4203 ostendens
1358 4120 1422 4231 jus
1448 4123 1558 4233 quod
1585 4121 1706 4204 habet
1729 4148 1798 4203 rex
1817 4123 1977 4231 Angliae
2004 4123 2050 4208 in

650 4268 821 4351 regnum
841 4241 1033 4324 Franciae.
1552 4247 1554 4252 '

551 4391 619 4472 41.
649 4367 772 4446 Breve
793 4363 893 4473 regis
914 4365 1099 4446 Waltero
1119 4365 1167 4446 de
1187 4361 1389 4446 Gloucest.
1422 4362 1607 4446 escaetori
1635 4361 1706 4445 suo
1727 4361 1826 4446 citra
1850 4369 2048 4450 Trentam

648 4485 860 4578 direstum,
891 4507 937 4568 ut
963 4511 1033 4596 per
1053 4485 1207 4569 sacrum
1233 4487 1457 4597 proborum
1477 4505 1517 4566 et
1535 4487 1724 4596 legalium
1746 4485 1961 4592 hominum
1983 4489 2048 4570 in·

649 4609 797 4719 quirat,
810 4627 949 4690 utrum
966 4607 1151 4718 quaedam
1168 4627 1396 4692 tenementa
1406 4607 1449 4690 in
1464 4609 1662 4718 Leystona
1680 4607 1919 4690 Knolelhale
1934 4611 2046 4691 The-

645 4731 791 4813 berton
820 4728 987 4812 suerunt
1015 4726 1169 4836 abbatis
1197 4749 1237 4812 et
1265 4747 1487 4813 conventus
1512 4727 1716 4839 Leystonae
1740 4745 1833 4808 ante
1862 4728 2045 4836 publica-

647 4850 801 4933 tionem
835 4849 975 4932 statuti
1004 4851 1053 4932 de
1086 4847 1200 4930 terris
1230 4869 1270 4931 et
1289 4849 1528 4934 tenementis
1561 4851 1612 4933 ad
1639 4863 1842 4932 mortuam
1874 4874 2046 4934 manum

644 5000 728 5054 non
750 4971 960 5082 ponendis.
1784 4971 1787 4980 '

550 5119 617 5200 42.
646 5095 790 5178 Versus
812 5095 860 5176 de
880 5111 1060 5207 tempore
1081 5089 1273 5176 iohannis
1292 5091 1432 5176 Straw.

1811 5229 1879 5310 43.
1907 5203 2044 5285 Lettre
