4994 6264
684 891 689 906 ,
1018 767 1403 904 ccccxxvn.

517 996 557 1076 6.
587 993 793 1074 Statutum
813 988 863 1072 de
880 988 1057 1100 tallagio.

514 1144 554 1228 7.
584 1111 828 1197 Provisroncs
849 1111 898 1194 de
916 1115 1120 1198 Mertona.

483 1287 487 1298 ·
515 1241 553 1322 8.
583 1241 790 1320 Statutum
808 1237 857 1318 de
875 1235 1123 1348 Marl'eburg.

512 1392 552 1472 9.
582 1365 741 1442 Statura
760 1357 1031 1442 Gloucestriae.

517 1513 581 1568 10.
610 1480 923 1594 Explanationes
945 1483 1216 1568 Gloucestriae.

516 1635 580 1690 11.
609 1609 756 1698 Statut.
775 1604 1116 1690 Westmonasterii
1135 1607 1253 1718 prim.

516 1755 579 1812 12.
610 1731 756 1812 Statut.
777 1727 1118 1812 westmonasterii
1136 1730 1293 1812 secund.

517 1881 579 1962 13.
609 1855 757 1934 Statut.
777 1851 827 1932 de
844 1849 1091 1962 emptoribus
1112 1869 1321 1936 terrarum.

516 1978 581 2082 14.
610 1978 758 2057 Statut.
779 1975 828 2056 dc
844 1972 1144 2057 mercatoribus.

514 2127 530 2180 1
539 2123 578 2208 ς.
608 2100 756 2180 Statut.
774 2098 824 2180 de
842 2067 1023 2180 iibertate
1042 2098 1263 2181 clamanda.

516 2226 578 2304 16.
608 2223 755 2303 Statut.
774 2221 823 2302 de
844 2217 1198 2332 prohibitionibus.

516 2372 580 2455 17.
611 2347 757 2425 Statut.
775 2343 824 2424 de
843 2359 1018 2426 moneta.

516 2467 579 2549 18.
609 2469 756 2547 Statut.
775 2466 824 2546 de
842 2462 1004 2548 finibus.

515 2618 578 2698 19.
609 2591 815 2672 Statutum
833 2587 882 2670 de
900 2589 1107 2670 Gavaleto.

511 2739 577 2796 20.
608 2714 814 2794 Statutum
834 2711 882 2794 de
902 2739 986 2822 quo
1005 2723 1221 2792 warranto.

512 2862 579 2917 21.
609 2838 813 2917 Statutum
835 2861 988 2916 novum
1007 2833 1056 2914 de
1073 2861 1156 2944 quo
1177 2847 1388 2916 warranto

514 2983 580 3039 22.
610 2961 757 3040 Statut.
775 2958 824 3040 de
842 2955 1101 3062 juratoribus.
1175 2989 1180 2996 ·
1294 2971 1296 2976 '

514 3107 580 3190 23.
609 3082 756 3162 Statut.
776 3081 825 3162 de
843 3077 1193 3190 conspiratoribus.

512 3229 581 3309 24.
611 3201 861 3312 Compositio
880 3221 1052 3284 monetae
1071 3219 1111 3283 et
1129 3198 1417 3284 mensurarum.

442 3405 448 3420 ,
515 3351 581 3434 25·
611 3325 787 3406 Extenta
806 3321 988 3407 manerii.

518 3451 583 3528 26.
614 3449 822 3528 Statutum
842 3449 891 3530 de
908 3444 1112 3528 scaccario.

487 3557 491 3564 ⁵
517 3597 582 3679 27.
612 3565 898 3650 Distinbtiones
919 3567 1111 3650 scaccarii.

518 3693 583 3774 28.
615 3692 821 3770 Statutum
840 3691 888 3771 de
907 3687 1107 3796 religiosis.

518 3841 583 3922 29.
613 3815 819 3894 Statutum
840 3813 889 3894 de
907 3810 1148 3922 acquirenda
1166 3810 1475 3921 transgresione.

518 3966 584 4048 30.
616 3938 818 4017 Statutum
839 3935 887 4016 de
908 3961 1055 4044 magna
1073 3932 1178 4018 affisa
1198 3933 1456 4043 injungenda.

520 4089 585 4170 31.
614 4055 730 4139 Visus
750 4056 878 4140 franci
898 4055 1032 4170 plegii.
1278 4077 1280 4086 “

520 4209 586 4292 32.
617 4183 821 4263 Statutum
841 4181 890 4262 de
909 4178 1152 4293 ponderibus
1172 4195 1211 4263 et
1230 4179 1438 4262 mensuris.

520 4334 586 4416 33.
616 4303 805 4416 Capitula
824 4333 914 4416 quae
933 4301 1177 4415 placitantur
1194 4303 1238 4385 in
1255 4301 1408 4386 itinere.
1475 4329 1481 4336 ·

519 4457 585 4538 34.
615 4425 711 4509 Dies
730 4453 964 4514 communes
984 4427 1027 4510 in
1047 4428 1188 4510 banco.

518 4582 539 4663 3
549 4577 584 4662 5.
616 4547 712 4633 Dies
732 4549 776 4633 in
795 4549 943 4662 placito
960 4549 1079 4632 dotis.

521 4678 587 4784 36.
617 4673 729 4756 Ordo
748 4673 796 4754 de
814 4671 968 4784 placitis
987 4700 1159 4756 coronae.

521 4824 586 4907 37.
618 4801 822 4878 Statutum
845 4795 1035 4880 Winton.

545 4941 548 4948 '
616 4923 705 5001 Cum
723 4921 790 5002 hac
802 4921 1024 5028 statutorum
1043 4921 1238 5002 collebiione
1257 4923 1533 5032 compinguntur
1559 4923 1625 5004 duo
1639 4925 1863 5034 fragmenta
1889 4929 2016 5012 diver-
2162 4975 2166 4992 =

604 5043 731 5152 fhrum
760 5043 929 5140 codicum,
959 5073 1106 5155 quorum
1127 5073 1235 5125 unum
1261 5045 1313 5126 ad
1335 5047 1485 5128 initium
1514 5047 1616 5156 hujus
1644 5047 1773 5130 codicis
1789 5051 1952 5148 locatum,
1978 5075 2014 5137 et

497 5201 504 5216 ·
616 5185 788 5273 regnante
806 5169 967 5250 Henrico
983 5171 1038 5252 II.
1066 5185 1107 5248 ut
1130 5165 1281 5248 videtur
1294 5168 1492 5280 scriptum,
1522 5173 1676 5254 continet
1701 5173 2014 5260 Kalendarinm:

1139 5293 1177 5372 Α
1196 5313 1219 5370 a
1238 5315 1304 5371 az
1923 5301 2014 5382 alte.
