5054 6256
1232 729 1382 830 CXC.

631 925 658 965 “
678 915 848 998 XXXII.
869 919 931 999 De
952 907 1195 1026 negligentia
1214 911 1311 996 novi
1331 939 1376 996 ac
1395 907 1630 1000 sanstificati
1650 910 1778 1024 panis,
1805 911 1879 998 sure
1900 915 1949 998 de
1967 915 2052 1001 aliis

871 1047 896 1082 “
917 1035 1120 1117 creaturis.

630 1167 658 1204 “
677 1155 865 1236 XXXIII.
885 1155 948 1236 De
967 1153 1291 1238 reconciliatione
1309 1151 1593 1264 penitentium.

631 1287 658 1324 “
678 1273 863 1357 XXXIV.
883 1279 947 1358 De
966 1275 1255 1360 communione
1274 1273 1489 1382 judeorum
1508 1277 1570 1368 vel
1587 1275 1816 1386 gentilium.

633 1407 660 1444 ‘³
680 1393 845 1478 XXXV.
867 1397 929 1477 De
948 1397 1168 1506 presbiteris
1188 1395 1261 1506 qui
1280 1393 1547 1478 morientibus
1567 1393 1831 1508 penitentiam
1855 1399 2056 1514 denegant

696 1559 700 1572 ·
867 1516 1043 1624 “etqui
1063 1515 1245 1598 infirmos
1265 1542 1350 1598 non
1370 1515 1592 1626 baptizant.

631 1644 659 1680 “
679 1631 865 1714 XXXVI.
885 1637 1008 1744 Qod
1028 1633 1159 1718 Graeci
1179 1633 1343 1745 stngulis
1362 1633 1575 1718 dominicis
1594 1633 1910 1720 communicent.

631 1763 659 1800 “
678 1748 883 1833 XXXVII.
903 1756 966 1835 De
984 1753 1369 1838 commemoratione
1387 1753 1675 1838 desunstorum
1695 1755 1756 1836 vel
1777 1756 1956 1841 demissa
1976 1788 2051 1872 pro

908 1883 936 1920 “
956 1871 1025 1972 eis,
1058 1893 1097 1956 et
1126 1903 1199 1958 cur
1227 1895 1303 1956 111.
1324 1894 1399 1958 vu
1430 1873 1492 1956 vel
1522 1894 1620 1956 xxx
1652 1871 1941 1960 anniversarius
1969 1879 2051 1964 dies

911 2005 937 2041 “
958 1995 1190 2078 celebretur.

632 2121 660 2159 “
680 2111 913 2194 XXXVIII.
933 2116 995 2196 De
1015 2113 1097 2198 ritu
1116 2111 1332 2197 mulierum
1352 2111 1395 2196 in
1415 2111 1585 2196 ecclesia.

628 2241 655 2279 “
675 2232 870 2316 XXXIX.
890 2235 953 2315 De
966 2233 1123 2317 ecclesra
1141 2233 1185 2317 in
1203 2261 1284 2346 qua
1299 2251 1557 2320 mortuorum
1572 2233 1761 2318 cadavera
1780 2233 1960 2321 fidelium
1976 2240 2052 2325 five

895 2361 922 2398 “
943 2351 1166 2436 infidelium
1187 2353 1443 2464 sepeliuntur.
1506 2460 1508 2469 Ι

631 2479 659 2520 “
678 2473 767 2554 XL.
787 2473 851 2556 De
874 2471 1050 2584 reliquiis
1076 2471 1304 2558 sanctorum
1333 2474 1396 2556 vel
1420 2471 1502 2556 ritu
1524 2470 1773 2556 sacerdotum
1792 2491 1833 2556 et
1859 2473 2052 2562 diacono-

559 2595 562 2602 ’
788 2603 816 2639 “
836 2619 926 2676 rum
947 2595 1222 2706 laicorumque
1241 2595 1285 2679 in
1304 2594 1473 2678 ecclesia.

630 2721 657 2758 “
677 2711 786 2792 XLI.
806 2713 930 2820 Qud
949 2713 1051 2795 nulli
1072 2713 1119 2796 srt
1139 2715 1284 2802 ultima
1302 2711 1525 2824 penitentia
1543 2713 1791 2822 deneganda.

629 2841 655 2878 ‘⁸
677 2831 808 2912 XLII.
827 2834 890 2912 De
909 2829 971 2914 his
991 2833 1062 2942 qui
1083 2833 1348 2918 morientibus
1368 2831 1634 2944 penitentiam
1654 2833 1870 2944 denegant.

628 2962 655 2999 “
675 2953 824 3036 XLIII.
845 2955 908 3034 De
926 2954 1242 3064 penitentiarum
1261 2955 1497 3040 diversrtate.

631 3083 658 3122 “
679 3075 827 3156 XLIV.
847 3076 910 3156 De
929 3075 1265 3161 reconciliatione.

630 3205 656 3244 “
677 3198 804 3278 XLV.
825 3198 887 3278 De
906 3196 1057 3280 clericis
1078 3197 1153 3280 five
1172 3199 1221 3278 de
1240 3193 1502 3280 ecclesiasticis
1522 3191 1744 3278 ordinibus.

627 3327 655 3365 “
674 3315 823 3398 XLVI.
844 3319 907 3398 De
925 3316 1147 3400 diversitate
1166 3315 1370 3399 ordinum.

628 3443 655 3481 ‘¹
674 3437 843 3520 XLVII.
863 3439 925 3518 De
945 3435 1139 3520 electione
1157 3433 1463 3520 sacerdotalium
1485 3429 1690 3516 ordinum.

627 3565 655 3602 ‘⁸
674 3557 863 3638 XLVIII.
884 3559 986 3638 Item
1006 3559 1054 3639 de
1074 3553 1280 3640 eleffione.

629 3685 656 3722 ‘⁸
677 3677 826 3760 XLIX.
847 3678 949 3758 Item
970 3705 1102 3761 canon
1121 3675 1352 3760 sannorum
1371 3673 1421 3756 de
1438 3671 1631 3757 electione
1650 3667 1939 3783 episcoporum.

628 3807 655 3844 ‘⁸
676 3797 724 3877 L.
745 3794 785 3876 si
813 3794 1019 3910 episcopus
1055 3827 1084 3881 a
1110 3797 1424 3908 metropolitano
1454 3792 1687 3877 admonitus
1717 3819 1792 3903 pro
1821 3789 1960 3874 srnodo
1988 3791 2052 3872 vel

728 3925 770 3963 '⁸‘
790 3914 1043 4001 ordinatione
1062 3917 1274 4032 episcopali
1291 3915 1427 4000 venire
1445 3913 1655 4014 distulerit,
1682 3939 1730 3996 ex
1750 3909 1922 3997 concilio
1940 3913 2051 4022 Aga·

744 4045 771 4082 “
792 4035 904 4119 tensi.

629 4169 655 4206 “
676 4157 745 4238 LI.
765 4161 828 4239 De
848 4155 1101 4240 ordinatione
1121 4148 1415 4268 archiepiscopi.

628 4289 656 4325 ‘⁸
676 4279 765 4358 LII.
786 4281 848 4360 De
867 4275 1061 4360 elec‘lione
1080 4275 1357 4385 indignorum,
1378 4301 1508 4358 canon
1529 4271 1773 4358 sanstorum.

627 4410 654 4446 “
675 4398 785 4480 LIII.
809 4400 871 4477 Ex
893 4395 1066 4478 concilio
1085 4395 1361 4479 Calcidonensr
1384 4394 1508 4477 titulo
1529 4393 1702 4476 secundo
1726 4392 1836 4504 qnod
1866 4417 1952 4475 non
1980 4393 2050 4475 de·
2161 4395 2164 4404 ’

805 4527 832 4565 “
853 4519 975 4598 beant
994 4515 1125 4599 officia
1144 4515 1396 4600 ecclestastica
1413 4542 1485 4625 per
1502 4513 1694 4625 pecunias
1714 4507 1903 4597 o'rdinan'.
2068 4541 2071 4548 ⁴

627 4655 655 4692 ⁴⁴
675 4642 783 4726 LIV.
804 4643 866 4722 De
886 4637 1000 4749 lapsis
1020 4639 1233 4748 graduum.

625 4775 652 4812 “
672 4767 758 4844 LV.
780 4763 841 4842 De
861 4757 1179 4843 accusationibus
1199 4775 1239 4838 et
1257 4751 1593 4838 excusationibus.

618 4893 651 4977 ,“
671 4887 777 4968 LVI.
801 4879 1021 4992 Gregorius
1048 4875 1222 4964 Iohanni
1250 4873 1462 4976 defensori,
1491 4875 1665 4988 qualiter
1693 4873 1742 4955 de
1771 4867 1956 4983 episcopo
1979 4873 2049 4978 Ja-

800 5017 827 5054 “
848 5001 993 5088 nuario
1012 5001 1304 5085 observandum
1324 4995 1384 5098 stt,
1414 4997 1490 5083 srve
1509 5001 1558 5082 de
1577 4995 1663 5082 aliis
1684 4989 1876 5106 episcopis
1901 4990 2049 5102 injuste

715 5169 719 5176 ·
800 5136 830 5223 ξ*
851 5119 1169 5236 condempnatis.

1790 5233 1818 5317 f‘
1839 5221 1964 5304 LVII.
1985 5221 2048 5304 De
2209 5315 2211 5322 y
