5058 6274
317 792 324 807 .
499 680 593 802 276

1111 909 1427 1030 CXCVII.

556 1072 672 1154 Codex
692 1071 732 1153 in
754 1075 822 1197 4²f,
844 1071 884 1156 iu
895 1071 1025 1198 priore
1040 1071 1141 1176 cuju
1150 1072 1389 1198 portestculo
1402 1101 1457 1154 xv
1475 1069 1516 1153 in
1530 1072 1806 1186 cartisscripta
1823 1076 2054 1172 continentur

560 1209 593 1267 1.
624 1183 715 1264 The
734 1180 869 1292 eptstle
889 1181 937 1264 of
952 1183 1051 1290 Inug
1072 1185 1227 1266 AEIIred
1246 1202 1291 1264 to

556 1327 593 1386 2.
622 1299 825 1384 ProceIIus
845 1321 988 1386 contra
1007 1305 1232 1388 Iohannem
1252 1302 1409 1386 dictum
1430 1303 1466 1386 le
1487 1305 1619 1386 Purel.

554 1448 592 1532 3.
622 1419 796 1505 Aniculi
826 1421 1062 1506 venerabilis
1089 1421 1247 1508 dom'mi
1267 1421 1430 1508 Ricardi
1449 1427 1594 1536 Scrope
1622 1422 1908 1539 archiepiscopi
1928 1427 2050 1512 Ebur.

621 1560 762 1640 contra
778 1543 1214 1656 Henricumquartum
1230 1543 1471 1628 intrusorem
1491 1545 1604 1656 regni
1620 1548 1780 1658 Angliae
1793 1556 1843 1632 A.
1856 1554 1910 1634 D.
1933 1579 2049 1660 1399.

552 1694 593 1772 4.
623 1665 752 1748 Causa
771 1692 895 1777 quare
914 1667 1134 1750 decollatus
1154 1667 1210 1751 est
1229 1665 1546 1778 archiepiscopus
1569 1667 1764 1754 Ricardus
1786 1675 1946 1782 Scrope.

554 1813 592 1893 ς.
624 1785 860 1868 Martirium
881 1787 1063 1896 praedicti
1082 1787 1245 1870 Ricardi
1265 1784 1565 1899 archiepiscopi.

555 1907 594 1988 6.
625 1903 832 2018 Depofitio
853 1904 955 2014 regis
977 1905 1151 1988 Ricacdi.

553 2053 593 2136 7.
623 2023 891 2110 Continuatio
924 2025 1105 2110 chronici
1130 2024 1341 2138 Ranulphi
1374 2054 1446 2140 per
1479 2027 1703 2112 Iohannem
1738 2030 1963 2130 Malusne,
2000 2029 2051 2113 ab

623 2176 733 2232 auno
753 2143 923 2229 Domini
949 2148 1066 2256 1236.
1088 2151 1137 2230 ad
1157 2175 1314 2230 annum
1341 2177 1459 2257 1394.

619 2269 689 2350 Ad
712 2296 848 2352 annum
883 2269 1000 2375 1346,
1035 2268 1162 2350 “Hic
1193 2297 1330 2350 reuera
1358 2269 1575 2378 Ranubobm
1607 2267 1796 2350 monachus
1825 2265 1936 2374 Cestr.
1956 2269 2051 2378 fiens

623 2389 835 2472 “cronicas
863 2387 1113 2470 terminavit:
1142 2434 1255 2454 --
1283 2389 1369 2495 Post
1396 2390 1491 2472 bunc
1505 2390 1658 2501 scripfit
1685 2389 1835 2500 quidam
1862 2391 2052 2472 monachus

625 2521 652 2558 ‘⁸
672 2511 841 2620 Wigorn.
863 2510 1036 2592 lohannes
1059 2511 1237 2594 Malvern
1258 2556 1368 2576 --

619 2634 724 2745 Sapo
741 2633 930 2716 concordat
952 2633 1029 2716 bac
1047 2634 1271 2716 continuatio
1290 2663 1371 2716 curn
1390 2632 1526 2716 chono
1544 2633 1588 2716 de
1606 2633 1851 2744 Wulfingbam
1870 2651 1907 2718 et
1924 2653 2052 2719 autore

619 2783 787 2863 anonymo
805 2753 964 2862 historia
982 2753 1147 2836 Ricardi
1161 2759 1216 2838 II.
1236 2785 1262 2834 a
1281 2756 1507 2838 Goeleon
1525 2753 1647 2850 edita,
1667 2756 1785 2836 multa
1803 2773 1925 2838 tamen
1944 2755 2052 2839 babet

619 2907 699 2988 qua
713 2879 753 2959 in
767 2875 1015 2985 aliisfrustra
1029 2903 1180 2987 quares,
1200 2878 1427 2988 dignacerte
1444 2906 1525 2989 qua
1543 2875 1722 2986 historicis
1739 2877 1866 2986 nostris
1885 2878 2054 2989 impreffis

621 2999 797 3082 addatur.

553 3119 589 3200 8.
620 3121 717 3204 Acis
737 3119 787 3202 of
812 3121 1052 3231 parliamcnt
1077 3147 1092 3202 1
1118 3121 1225 3202 Hen.
1242 3123 1313 3203 VI.
1340 3123 1421 3204 and
1447 3119 1546 3203 state
1571 3117 1620 3200 of
1644 3114 1776 3200 affairs
1808 3117 1958 3229 during
1986 3118 2048 3204 his

622 3261 829 3350 mmonty.

618 3367 665 3446 In
683 3363 876 3472 posteriore
902 3383 1012 3474 parte
1039 3362 1147 3470 bujm
1176 3359 1308 3442 codicis
1336 3361 1378 3444 in
1405 3357 1623 3442 membranis
1650 3357 1806 3442 babetur
1831 3361 2051 3444 veneranda
2158 3351 2164 3358 ’

622 3503 864 3594 antiquitates

551 3633 590 3711 9.
618 3606 910 3714 Fragmentum
931 3601 1233 3712 evangeliorum
1254 3605 1291 3684 S.
1306 3603 1343 3682 S.
1357 3601 1551 3686 Iohannis
1572 3619 1612 3684 et
1632 3604 1766 3684 Lucae.

617 3729 769 3836 Scripta
785 3727 879 3836 sient
906 3726 982 3808 baec
995 3729 1222 3835 fragmenta
1243 3724 1457 3807 charactere
1477 3724 1639 3833 eleganti
1657 3742 1693 3805 et
1712 3723 1921 3834 pervetusto
1932 3763 1944 3821 3
1972 3725 2049 3806 ali.

619 3849 759 3957 quando
778 3847 959 3954 dr'stinbtio
978 3875 1104 3928 vocurn
1116 3845 1187 3956 sed
1202 3873 1270 3927 non
1278 3845 1437 3954 semper.
1456 3889 1514 3908 -
1530 3847 1576 3927 In
1594 3842 1808 3926 bibliotheca
1827 3843 2049 3926 Corconiana

619 3969 703 4051 olim
720 3968 947 4050 habebantur
961 3967 1155 4074 evangelia
1166 3965 1347 4046 Matthaei
1361 3983 1397 4047 et
1407 3964 1543 4046 Marci
1559 3963 1708 4074 deestdem
1721 3963 1833 4070 plane
1845 3963 2048 4044 caracteris

618 4109 653 4171 et
666 4092 893 4206 pergameni,
914 4119 994 4202 qua
1006 4107 1148 4201 prater
1157 4085 1394 4196 paucafobia
1412 4085 1575 4170 incendio
1587 4087 1783 4196 perierunt
1800 4091 1913 4150 -’-

1094 4289 1443 4406 CXCVIII.

544 4453 659 4536 Codex
692 4451 981 4533 membranaceus
1017 4468 1053 4532 et
1088 4451 1263 4562 antiquus
1295 4449 1338 4532 in
1357 4449 1435 4558 soi.
1465 4447 1596 4537 rninor.
1630 4466 1667 4530 et
1699 4447 1861 4556 crafflori
1892 4443 2042 4555 diversts

487 4573 839 4682 manibusscriptus,
861 4572 902 4653 io
922 4601 988 4682 quo
1006 4570 1213 4654 continetur

544 4695 829 4778 Homeliarum
849 4689 1139 4776 saxonicarum
1159 4709 1297 4775 tomus
1317 4710 1501 4798 quartus.

1710 4807 1896 4890 CXCIX.
1925 4807 2041 4890 Codex

538 5109 731 5194 CXCVII]
755 5111 818 5180 Vct.
830 5113 898 5177 Cot.
915 5105 967 5172 Μ.
987 5125 1038 5190 14.
1052 5101 1149 5170 MSS.
1167 5102 1254 5185 Argi.
1274 5121 1465 5188 ηας-452.

537 5218 744 5303 CXCVIII]
760 5221 824 5291 Ver.
842 5221 909 5286 Cat.
927 5215 959 5284 S.
979 5213 1011 5283 8.
1027 5211 1124 5281 MSS.
1142 5210 1437 5298 AngI.1534··267.
