4994 6264
481 673 575 862 372
1084 726 1469 888 oocnxxvn.

625 927 779 1008 alterum
804 949 903 1019 vero,
933 919 1027 1032 quod
1047 923 1183 1036 excepit
1211 923 1288 1008 hac
1300 923 1448 1034 statuta
1475 923 1587 1008 medio
1601 921 1722 1038 seculi
1737 951 1792 1010 ccv
1819 944 2024 1027 exaratum,

484 1143 494 1166 .
626 1063 793 1142 caucanet,

626 1169 815 1250 Valorem
829 1165 1016 1252 omnium
1037 1167 1315 1278 possessionum
1333 1186 1418 1254 tam
1436 1165 1704 1284 spiritualium
1722 1199 1850 1285 quam
1868 1187 2025 1286 tempo-

629 1289 775 1374 ralium
794 1287 839 1372 in
857 1289 1010 1376 dioecefi
1029 1290 1189 1376 Elienfi.

986 1517 1515 1636 CCCLXXVHI.

528 1694 643 1778 Codex
659 1695 865 1775 chartaceus
885 1695 926 1774 in
947 1693 1010 1798 4²⁰,
1016 1693 1135 1803 stculo
1153 1693 1389 1804 xvscrcptus,
1411 1695 1452 1775 in
1471 1723 1536 1806 quo
1553 1689 1765 1802 concinetur,

529 1813 746 1927 Sophistria
764 1813 973 1898 academia
993 1814 1342 1924 Cantabrigienfis.

1016 2044 1485 2166 CCCLXXIX.

526 2223 643 2308 Codex
668 2222 875 2303 chartaceus
901 2219 1124 2328 tenuillcic'cus,
1146 2224 1303 2332 propria
1329 2252 1439 2304 manu
1463 2222 1614 2304 Robcrtc‘
1635 2215 1761 2306 talbot
1774 2209 1952 2336 smptus,
1981 2227 2024 2306 in

471 2377 536 2460 quo
555 2345 794 2442 continentur,
1389 2391 1395 2400 ·

534 2497 569 2552 1.
600 2463 785 2578 Opianus
804 2481 922 2576 poeta
940 2467 1107 2550 Graecus
1126 2466 1174 2548 de
1194 2465 1404 2550 venatione
1423 2467 1605 2581 piscium,
1626 2494 1720 2552 cum
1738 2465 1820 2550 vita
1839 2467 2003 2552 autoris.

529 2621 566 2675 2.
596 2588 908 2700 Alphabeticum
929 2588 1147 2698 Anglicum
1166 2589 1306 2672 ordine
1326 2591 1487 2674 Latino.

528 2745 564 2824 3.
594 2713 774 2824 Epistola
791 2709 933 2794 Elfrici
952 2711 1102 2822 prefixa
1119 2711 1287 2796 versioni
1307 2715 1510 2798 Saxonicae
1529 2713 1622 2797 libri
1641 2711 1818 2808 Genefis.

525 2867 566 2944 4.
595 2833 860 2947 Epitaphium
896 2837 950 2915 D.
969 2834 1127 2918 Nicolai
1158 2833 1365 2919 Hancbini
1403 2835 1628 2920 sereniffimi
1656 2839 1887 2947 Anglorum
1921 2835 2026 2948 regis·

595 2956 765 3042 oratoris
786 2957 894 3068 apud
913 2955 1214 3041 invittiffimum
1234 2957 1428 3044 Cacsarem
1448 2961 1643 3042 Carolum
1655 2962 1707 3042 V.

526 3111 563 3194 ς.
593 3096 773 3198 Ilpoccomz
790 3071 1033 3186 Ναζιανζηνος.

527 3210 566 3288 6.
597 3199 801 3284 Sententia
819 3199 1074 3282 deamicitia.

525 3356 564 3438 7.
594 3325 743 3408 Itinera
761 3321 981 3406 Britanniae
1000 3351 1047 3404 ex
1066 3321 1293 3407 Antonino.

523 3452 561 3530 8.
591 3445 887 3529 Annotationes
911 3443 954 3526 in
975 3471 1061 3527 eam
1083 3461 1238 3558 partem
1257 3443 1450 3531 itinerarii
1468 3474 1560 3560 quae
1579 3447 1630 3531 ad
1651 3443 1903 3531 Britanniam
1928 3475 2019 3562 per-

593 3587 709 3651 ttnet.

1023 3777 1460 3926 cccuxxx.

522 3956 637 4044 Codex
654 3945 936 4037 membranaceus
952 3955 992 4034 in
1013 3950 1076 4057 4³⁰,
1084 3951 1204 4066 ficiclo
1220 3955 1296 4036 xiii
1301 3955 1478 4067 scriptus,
1499 3955 1540 4037 in
1560 3986 1624 4067 quo
1642 3958 1856 4051 continetur,

496 4078 688 4171 ,Roberti
715 4074 1019 4174 Krikeladensts,
1049 4093 1320 4186 cognomento
1347 4075 1513 4178 Canuti,
1547 4078 1691 4192 prioris
1721 4074 2015 4176 oxenefordia,

467 4205 670 4320 speculum
689 4197 794 4298 fidei,
815 4196 883 4282 lib.
898 4197 951 4281 iv.

1577 4326 1875 4414 CCCLXXXI.
1904 4323 2019 4407 Codex

516 4667 817 4751 CCCLXXVIII]
833 4667 896 4737 Ver.
914 4671 979 4734 Cot.
1000 4689 1114 4754 15-2.
1131 4667 1227 4736 MSS.
1242 4668 1325 4753 Angt
1345 4671 1540 4758 wop-338.

516 4773 788 4857 CCCLXXIX.]
805 4774 870 4844 Vct.
886 4773 952 4838 Cat.
974 4795 1088 4859 12-4.
1108 4771 1202 4842 MSS.
1215 4775 1299 4857 Angl.
1321 4773 1522 4862 thor-334.

383 4915 391 4926 ·
520 4883 569 4970 3.]
587 4881 656 4950 Vide
670 4877 727 4946 CI.
744 4899 777 4964 4.

515 4988 563 5072 7.]
582 4985 649 5052 Vide
665 4985 723 5050 ct.
745 5005 795 5071 ις.

515 5092 564 5175 8.]
582 5093 651 5161 Vide
665 5089 723 5158 ct.
744 5091 794 5158 16.

512 5195 767 5280 CCCLXXX.]
784 5195 847 5265 Vct.
863 5196 929 5263 Cat.
952 5213 1066 5261 1-11.
1084 5190 1180 5260 MSS.
1198 5190 1283 5275 Aegl.
1304 5189 1505 5278 1573-306.
