4980 6264
496 773 565 888 42·
745 815 747 818 -
1211 759 1393 856 anr.

506 969 515 982 ·
542 949 585 1029 ·6.
615 943 830 1030 martarus
849 937 1070 1032 Lotarii'de
1088 960 1326 1058 contemptu
1344 945 1499 1032 mundi.

546 1095 586 1181 7.
616 1069 890 1152 Elecluarium
905 1069 950 1151 in
963 1067 1224 1154 delestatione
1237 1085 1278 1150 et
1291 1068 1579 1156 refocillatione
1596 1069 1756 1172 animae,
1775 1075 1824 1160 de
1836 1079 2035 1166 creatione

615 1191 736 1302 prims
723 1189 930 1274 hominis
949 1205 989 1272 et
1007 1187 1316 1300 prevaricatione
1335 1190 1434 1299 ejus.

548 1313 586 1396 8
619 1311 833 1424 [Ricardus
857 1313 907 1394 de
931 1310 1079 1394 Sanslo
1103 1309 1285 1421 Vislore]
1313 1313 1363 1394 de
1385 1311 1527 1396 statu
1516 1315 1713 1415 anterioris
1743 1317 1919 1406 hominis
1945 1323 2034 1438 post

612 1435 781 1546 lapsum.

544 1557 733 1668 9.Liber
750 1557 1035 1640 mandatorum
1055 1553 1132 1638 Dei
1134 1555 1225 1665 stuc
1242 1554 1387 1709 sylloge
1404 1557 1638 1671 theologiae·
1667 1591 1734 1646 uno
1751 1563 1932 1648 duntaxat
1948 1597 2030 1652 con-

637 1697 679 1761 at
688 1678 755 1789 fol
751 1709 797 1760 re.

489 1680 854 1884 roleraslatus
872 1799 921 1882 de
938 1797 1086 1910 septem
1104 1797 1369 1884 sacramentis.
1777 1865 1779 1872 >

549 1951 612 2006 11.
642 1925 705 2005 De
722 1921 858 2006 seculis
878 1939 918 2005 et
945 1921 1128 2005 aetatibus
1135 1925 1220 2033 five
1243 1924 1382 2006 tabula
1405 1921 1687 2036 chronologica
1711 1951 1735 2010 ι
1758 1927 1956 2012 creatione
1978 1935 2056 2016 ad·

635 2044 836 2127 decimum
861 2071 1017 2127 annum
1040 2041 1339 2128 Recensuithini
1362 2045 1464 2157 regis
1483 2047 1771 2160 Hispaniarum
1791 2067 1832 2133 et
1856 2071 2027 2136 mortem

593 2165 841 2250 Heraclii
831 2164 1094 2306 rmperaton's.

546 2316 608 2374 12.
639 2293 845 2372 Sermones
863 2287 963 2372 varis
950 2288 1030 2370 de
1050 2287 1223 2387 Christo,
1244 2290 1508 2428 angelorum
1499 2290 1720 2390 ordinibus,
1740 2297 1816 2376 &e

543 2441 605 2522 13·
633 2415 697 2494 De
719 2408 866 2522 septem
889 2409 1120 2509 virtutibus,
1150 2413 1199 2492 de
1223 2410 1405 2494 oratione
1429 2393 1653 2513 dominica,
1674 2415 1723 2496 de
1746 2413 1894 2526 septem
1918 2413 2025 2504 vitiis

479 2615 481 2620 2
632 2530 882 2644 capitalibus,
902 2533 950 2614 de
967 2531 1115 2643 septem
1132 2531 1399 2616 sacramentis.

539 2685 601 2764 14.
630 2654 808 2738 Libellus
828 2683 900 2776 qur
887 2653 1064 2740 dicitur
1081 2681 1142 2737 ars
1160 2651 1264 2738 fidei.

538 2807 600 2890 15.
630 2775 883 2862 Itinerarium
906 2775 1052 2860 mentis
1076 2775 1209 2862 euntis
1231 2775 1283 2860 ad
1310 2778 1447 2880 Deum
1471 2774 1688 2863 secundum
1713 2777 1878 2864 fratrem
1903 2781 2021 2868 bonae

488 2901 495 2911 '
629 2897 804 2981 sortunae
826 2899 1222 3038 [bonaventuram.]·

539 3021 600 3104 16.
629 3019 815 3128 Ejusdem
837 3020 1074 3119 breviarum,
1096 3018 1222 3103 lib.
1184 3049 1238 3102 vr.
1746 3067 1750 3074 ·

535 3171 597 3256 17.
626 3147 689 3226 De
704 3141 836 3228 officio
855 3160 896 3225 et
913 3141 1052 3226 ordine
1077 3141 1293 3242 missarum,
1320 3145 1430 3254 quod
1449 3143 1719 3256 unusquisque
1743 3171 1848 3256 papa
1869 3145 2019 3236 addidit

625 3293 649 3347 a
666 3281 845 3378 tempore
863 3264 969 3348 beati
988 3262 1094 3348 Petri
1111 3265 1302 3376 usquead
1323 3291 1470 3378 papam
1489 3269 1742 3349 Clementem
1756 3267 1933 3354 tertium.

280 3438 282 3446 ·
329 3471 356 3495 ..
385 3385 435 3517 p·
534 3387 596 3471 18
626 3393 786 3470 Statuta
817 3387 1042 3498 praescripta
1073 3386 1197 3498 priori
1226 3404 1267 3470 et
1296 3386 1511 3490 conventui
1544 3387 1691 3488 Christi
1720 3393 1914 3476 Cantuar.
1945 3421 2018 3508 per

624 3507 900 3594 Lansrancum
921 3509 1256 3626 archiepiscopum
1277 3513 1471 3594 Cantuar.
1556 3535 1558 3542 ⁴

533 3661 595 3742 ι9.
625 3629 758 3714 Tituli
777 3631 1047 3729 decretalium,
1074 3629 1329 3742 digestorum,
1356 3649 1535 3716 veterum
1555 3649 1596 3716 et
1614 3659 1828 3734 novorum,
1854 3635 2013 3740 codicis,

621 3751 838 3851 inforciati,
859 3753 1167 3858 autenticorum.

480 3902 592 3958 20.
613 3874 810 4016 Epistolae
828 3892 867 3958 et
879 3875 964 3958 alia
987 3845 1252 3961 instrumenta
1277 3876 1335 3960 ad
1347 3849 1632 3962 monasterium
1653 3877 1801 3963 Christi
1819 3883 2011 3965 Cantuar.

466 3995 720 4112 pertinentia,
745 3999 830 4081 viz.
853 3999 918 4108 (1)
940 3998 1117 4110 Epistola
1142 3998 1284 4113 prioris
1304 4015 1345 4086 et
1363 4017 1584 4089 conventus
1608 4003 1656 4082 de
1676 4001 1858 4112 Tyndria
1876 4005 1926 4085 ad
1943 4029 2011 4085 ca-

465 4117 646 4232 pitulum
680 4118 844 4204 ecclesrae
878 4119 1185 4221 Cantuariensrs,
1204 4167 1262 4190 -·
1278 4121 1316 4206 se
1347 4139 1494 4207 mutuo
1525 4121 1711 4205 amicitiae
1743 4121 1906 4206 vinculo
1938 4122 2012 4208 elle

299 4323 300 4326 .
464 4240 658 4340 ιιιιιιιοε,
686 4243 925 4353 negotiaque
948 4244 1113 4329 ecclefiae
1139 4242 1446 4341 Cantuariensrs,
1473 4242 1724 4326 aWillelmo
1741 4245 1874 4327 Wake
1897 4273 2010 4328 com-

463 4363 665 4446 monacho
692 4361 763 4446 suo
784 4369 979 4448 Romanae
1008 4364 1173 4449 ecclesrae
1199 4365 1427 4477 capellano
1440 4381 1480 4446 et
1497 4362 1779 4475 penitentiario
1805 4365 2008 4465 inchoata,

294 4479 299 4489 ’
461 4484 588 4568 eidem
604 4502 745 4598 optato
759 4483 839 4568 fine
852 4488 1124 4572 concludenda
1138 4485 1438 4570 commendasse.
1452 4531 1510 4552 -
1525 4485 1597 4595 (ι)
1607 4485 1784 4599 Epistola
1799 4493 1851 4570 A.
1863 4486 2008 4599 prioris

459 4605 625 4691 ecclefiae
646 4605 793 4690 Christi
814 4611 1008 4692 Cantuar.
1034 4611 1084 4692 ad
1107 4607 1354 4721 subpriorem
1377 4624 1418 4689 et
1436 4605 1660 4720 capitulum
1685 4607 1871 4716 ejusdem,
1896 4608 2009 4719 quod

459 4728 649 4814 dominus
678 4729 902 4812 Portuensrs
928 4731 1111 4813 conceslrt
1133 4727 1170 4812 ei
1202 4749 1257 4813 ut.
1276 4729 1546 4842 presentarent
1566 4728 1797 4812 Galsn'dum
1824 4729 1873 4810 de
1894 4733 1927 4812 Ι.
1954 4730 2005 4811 ad

458 4849 657 4934 ecclefiam
675 4853 724 4934 de
742 4851 1183 4935 Aldermane-Cherche
1199 4850 1243 4936 ιιι
1259 4851 1445 4936 London.
1466 4877 1537 4962 per
1554 4845 1861 4959 ‘refignauonem
1879 4855 2006 4941 Lam-

456 4971 560 5055 berti
577 4972 750 5081 ejusdem
768 4973 922 5056 domini
947 4971 1078 5056 clerici
1102 4990 1142 5054 et
1160 4971 1315 5085 nepotis
1342 4971 1426 5080 jam
1447 4971 1492 5055 in
1511 4971 1622 5056 curia
1638 4989 1861 5072 vacantem,
1887 4971 2004 5080 cujus

455 5093 616 5181 collatio
633 5095 788 5180 ratione
803 5092 943 5179 statuti
960 5095 1008 5180 de
1025 5091 1223 5182 beneficiis
1241 5093 1287 5182 in
1298 5092 1418 5183 curia
1434 5093 1667 5180 vacantibus
1688 5095 1738 5179 ad
1754 5091 1910 5232 dietum
1929 5095 2003 5178 do·

1770 5235 1798 5284 1
1841 5243 2004 5304 mmum
