4980 6264
515 779 574 874 28
1215 775 1391 870 XLIV.

491 969 582 1076 sore
593 963 792 1075 fiobjeclunt
812 974 846 1045 el
866 964 1071 1046 obedientem
1086 995 1098 1044 .·
1127 979 1162 1044 et
1180 963 1449 1072 articulisfidei
1464 959 1626 1072 offirfiem
1637 965 1789 1072 prabet.
1836 969 1953 1050 Nihil
1964 1001 2050 1056 utero

504 1091 563 1170 oie
577 1088 736 1169 inuenies
751 1086 1012 1198 destabjetlione
1031 1085 1145 1200 oftde
1162 1083 1325 1168 Romana
1340 1083 1386 1165 ab
1403 1085 1520 1168 cloelis
1524 1084 1641 1194 postea
1651 1091 1790 1186 exalta,
1809 1119 1873 1172 nec
1886 1092 1927 1174 de
1941 1111 2047 1174 tran-

490 1209 800 1320 substantiatione.

564 1363 600 1439 3.
632 1331 743 1410 Ordo
764 1330 935 1440 qualiter
951 1331 1095 1410 domus
1117 1327 1193 1412 Dei
1212 1329 1266 1411 est
1285 1327 1559 1412 consecranda.

559 1453 716 1535 Prolixo
734 1453 792 1562 est
805 1455 879 1534 hnc
901 1451 1164 1562 constcrationis
1178 1454 1322 1560 sorno,
1351 1455 1570 1562 complessent
1589 1482 1655 1534 non
1669 1455 1785 1568 solum
1811 1457 1908 1536 ritus
1934 1458 1974 1536 in
1992 1486 2048 1537 ec-

504 1577 611 1683 l'lcfiee
627 1574 878 1686 conftcrotione
895 1571 1132 1682 observandos,
1149 1574 1220 1684 fied
1234 1575 1342 1654 etiam
1358 1573 1523 1682 formam
1541 1576 1765 1684 corficrandi
1788 1577 1924 1658 altaris
1941 1580 2050 1658 cirne·

504 1698 607 1793 tero'i,
637 1695 849 1806 baptrstorii,
871 1697 1089 1806 omniumque
1107 1695 1387 1804 ussimentorum
1405 1715 1439 1777 et
1457 1696 1642 1795 librorum,
1672 1697 1793 1808 quibus
1816 1704 1875 1779 nti
1887 1698 2049 1808 solebant

504 1819 653 1929 majores
673 1818 781 1926 ordiri
796 1818 964 1927 insacris
982 1815 1208 1899 celebrandis.

561 1943 706 2021 Pateno
734 1939 952 2020 benedicitur
982 1950 1007 1984 “
1026 1939 1079 2020 ad
1092 1927 1338 2047 conficiendam
1366 1942 1406 2023 in
1433 1971 1475 2022 ea
1496 1959 1618 2052 corpus
1639 1943 1833 2040 Domini,”
1861 1962 1896 2024 et
1922 1961 2050 2024 oratur

511 2076 536 2110 ‘⁸
559 2082 600 2143 nt
629 2063 823 2172 quicunque
847 2092 890 2142 ex
915 2061 982 2142 hac
1001 2079 1138 2171 patena
1165 2091 1224 2142 ore
1242 2082 1372 2170 panem
1393 2066 1583 2174 sacratum
1603 2066 1842 2172 perceperint,
1874 2064 2050 2171 Christum

507 2197 534 2231 ‘⁴
554 2185 684 2264 uc'uccm
712 2203 746 2264 et
772 2215 899 2266 vernon
919 2202 1050 2292 panem
1077 2185 1178 2266 corde
1205 2185 1446 2293 concupiscant
1463 2204 1497 2268 et
1525 2187 1722 2293 capiant:'‘
1750 2187 1790 2265 in
1815 2187 1939 2266 calicis
1964 2216 2050 2268 vero

503 2307 736 2388 benedictione
763 2326 902 2400 oratur,
936 2317 962 2351 “
981 2325 1023 2386 nt
1050 2305 1245 2416 quicunque
1272 2305 1443 2413 misticum
1461 2307 1657 2418 sanguinis
1683 2305 1816 2416 Chresti
1846 2310 2050 2388 memoriam

507 2440 534 2474 “
549 2428 893 2537 praegrostauerint,''
914 2429 988 2508 &a
1022 2429 1202 2542 neasculnrn
1229 2427 1451 2534 eucharistia
1477 2447 1628 2510 vocatur
1659 2439 1686 2474 “
1706 2429 1767 2508 hoc
1794 2427 1944 2534 mosterii
1970 2457 2050 2509 cor·

508 2561 533 2596 “
547 2551 650 2660 poris
667 2551 800 2660 Christi
811 2551 999 2658 gerulum’'
1029 2567 1063 2630 et
1092 2561 1119 2595 “
1140 2549 1303 2658 Corporis
1324 2549 1458 2657 Chresti
1473 2580 1601 2632 novum
1615 2549 1864 2660 stpulcltrnrn”
1893 2569 1928 2630 et
1957 2560 1983 2597 “
2004 2549 2056 2632 ad

507 2683 533 2718 “
553 2671 683 2780 rnr'sto'ci
701 2675 854 2779 corporis
872 2671 944 2780 uns
962 2671 1171 2780 cnslodiom”
1192 2672 1423 2782 corficratur.

559 2798 675 2888 Crux,
689 2794 867 2904 postquam
885 2795 1083 2904 corficrato
1100 2793 1157 2898 est,
1179 2793 1365 2875 odoratur.

559 2916 743 3023 Imagines·
762 2945 840 3024 quoe
863 2917 1108 3024 corffecrantnr
1123 2915 1215 3024 stent
1226 2915 1368 3022 sanein
1390 2915 1507 2994 crucis
1531 2914 1693 3020 virginis
1714 2916 1859 2996 Maria
1881 2903 2051 3023 gestantis

505 3037 694 3143 Christum,
715 3054 750 3117 et
756 3037 885 3148 sancli
901 3035 1046 3116 Ioannis
1063 3035 1319 3142 Euangelssae.

560 3159 601 3264 4ss
632 3158 743 3238 Ordo
779 3183 924 3240 novem
959 3154 1304 3238 ecclesiasticorum
1342 3155 1556 3262 graduum,
1595 3183 1770 3266 quorum
1808 3155 1961 3266 primus
1996 3153 2052 3238 est

529 3379 531 3384 Ι
629 3279 824 3379 ostiarius,
858 3279 1051 3364 secundus
1080 3275 1290 3390 psalmista,
1320 3275 1460 3358 tertius
1487 3277 1624 3375 ledor,
1655 3295 1822 3387 quartus
1848 3275 2050 3374 exorcista,

628 3401 797 3512 quintus
817 3401 1022 3498 accolitus,
1049 3400 1178 3481 sextus
1197 3397 1473 3497 subdiaconus,
1500 3397 1687 3512 septimus
1707 3397 1913 3496 diaconus,
1939 3395 2053 3480 ona„

629 3553 702 3606 vus
723 3524 921 3636 presbiter,
943 3550 1076 3605 nonus
1097 3521 1313 3632 episcopus.
1990 3497 2010 3542 Θ

562 3675 599 3754 ς.
630 3646 742 3728 Ordo
756 3645 927 3754 qualiter
938 3641 983 3726 in
999 3649 1184 3726 Romana
1200 3641 1354 3726 ecclesia
1365 3641 1566 3754 presbiteri
1578 3641 1734 3724 diaconi
1746 3638 1976 3724 subdiaconi
1990 3640 2051 3720 vel

505 3765 624 3850 ceteri
651 3768 796 3876 gradus
815 3765 1050 3849 clericorum
1068 3794 1092 3848 a
1110 3764 1292 3848 Domino
1317 3763 1506 3878 pontifice
1525 3763 1861 3876 apostolicaesedis
1887 3757 2052 3848 benedi·

505 3889 620 3972 cendi
638 3907 677 3976 et
696 3887 908 3971 ordinandi
926 3888 1030 3972 sunt.

561 4017 605 4093 In
623 4013 844 4094 ordinatione
860 4012 1002 4096 diaconi
1018 4011 1187 4124 epist-*opus
1204 4010 1262 4092 ait
1290 4020 1318 4056 “
1335 4012 1456 4121 accipe
1472 4010 1568 4118 istud
1580 4013 1739 4096 volumen
1757 4009 1952 4120 evangelii,
1977 4008 2060 4116 le'ge.

503 4145 528 4180 “
548 4151 583 4215 et
600 4136 759 4244 intellige
776 4152 811 4215 et
828 4153 870 4215 tn
887 4135 972 4215 aliis
989 4135 1105 4230 trade,
1126 4151 1161 4214 et
1177 4151 1219 4213 tu
1237 4152 1335 4244 opere
1352 4134 1504 4241 adimple
1514 4152 1584 4240 per
1601 4133 1814 4238 Christum.’'

559 4262 605 4338 In
625 4257 820 4370 presbiteri
846 4257 1067 4338 ordinatione
1093 4256 1192 4337 nulla
1219 4257 1347 4337 mentio
1371 4255 1550 4348 celibatus,
1580 4254 1679 4334 nulla
1705 4252 1858 4336 traditio
1875 4252 1999 4335 calicis
2015 4269 2051 4334 et

499 4397 656 4490 patena,
664 4379 734 4489 fid
747 4378 968 4488 confiteretur
997 4387 1022 4422 ‘⁶
1041 4377 1094 4458 ad
1108 4376 1292 4458 oblationes
1306 4377 1502 4485 faciendos
1513 4394 1583 4482 pro
1600 4374 1703 4456 vivis
1722 4393 1757 4456 et
1776 4374 1936 4472 mortuis,
1958 4389 2053 4456 etat

507 4515 531 4547 “
553 4503 755 4612 insnlntem
795 4502 835 4580 ni
852 4521 886 4582 et
902 4501 1008 4583 totius
1019 4499 1133 4610 plebis
1144 4499 1240 4610 stoa,
1265 4517 1387 4607 corpus
1404 4515 1439 4580 et
1449 4497 1665 4608 sanguinein
1673 4497 1758 4606 filii
1775 4497 1856 4580 Dei
1876 4495 2070 4582 immacu·-

510 4635 535 4670 “
554 4625 631 4704 lata
649 4623 882 4704 benedictione
898 4622 1165 4730 transsornnt.”

565 4748 602 4824 ό.
634 4743 846 4826 Ordinatio
863 4743 1033 4853 episcopi
1054 4757 1093 4824 et
1114 4739 1406 4854 acchiepiscopi.

556 4871 607 4964 ¹In
634 4865 885 4974 archt'ep'isttopi
909 4865 1131 4947 ordinatione
1157 4866 1257 4946 nulla
1277 4865 1435 4975 prffeffio
1449 4863 1680 4976 stebjeclionis
1706 4864 1848 4974 ecclcysae
1867 4863 2068 4957 Rumon,

500 4991 654 5102 pallium
673 5017 758 5068 uero
778 4988 917 5068 dicitnr
934 4989 970 5068 ei
987 4986 1048 5097 effe
1066 4988 1243 5072 traditum
1261 4989 1428 5098 asternno
1438 4987 1544 5098 ponti
1567 5017 1617 5071 ce.

564 5141 602 5223 7.
633 5109 884 5195 Consecratio
903 5105 1027 5218 regis,

1929 5226 2065 5314 Finito·
