5054 6256
1917 771 2011 900 265

895 981 898 990 ’
1013 999 1440 1134 CLXXXIX.

513 1173 628 1258 Codex
645 1162 928 1250 membranaceus
946 1165 1100 1274 infolio,
1111 1167 1229 1278 seculo
1245 1165 1315 1248 xiv
1319 1164 1497 1276 scriptus,
1517 1165 1558 1248 in
1575 1194 1641 1278 quo
1658 1167 1896 1270 continentur,

519 1322 553 1378 1.
583 1289 774 1374 Custodes
802 1289 1011 1400 prelorum
1039 1287 1155 1399 super
1181 1285 1317 1370 coster.
1343 1287 1464 1370 maris
1493 1284 1537 1370 in
1562 1314 1665 1371 corn.
1688 1293 2006 1382 Kant.x111die

582 1411 753 1521 Augusti
774 1437 884 1492 anno
904 1407 1003 1520 regis
1026 1408 1211 1492 Edwardi
1230 1407 1337 1490 tertii
1355 1409 1527 1490 xmrrd'.

515 1566 553 1620 2.
583 1531 790 1646 Expofitio
807 1531 1012 1638 cujusdam
1031 1530 1155 1640 usagii
1173 1531 1218 1614 in
1234 1557 1338 1612 com.
1360 1533 1484 1613 Kant.
1504 1531 1613 1640 quod
1630 1531 1778 1618 dicitur
1796 1539 1999 1628 Gavelate,

451 1765 454 1774 ι
514 1689 551 1770 3.
581 1656 720 1739 Pensio
739 1652 904 1738 ecclefiae
923 1655 971 1736 de
986 1651 1275 1774 Sibcrteswalde
1293 1651 1386 1772 solu.
1403 1681 1474 1765 per
1492 1653 1692 1736 abbatiam
1711 1657 1855 1742 sanctae
1871 1665 2004 1748 Rade-

638 1777 740 1860 ndis.

510 1931 551 2008 4.
580 1806 765 1984 ngmiffio
785 1896 970 1982 omnium
990 1895 1239 1980 ecclesiarum
1258 1894 1485 1981 monasterii
1503 1896 1646 1980 sanuae
1661 1901 1878 2010 Augustini
1897 1905 2005 1994 fadis

580 2049 652 2134 per
682 2009 792 2107 dom.
824 2019 1028 2104 Simonem
1061 2015 1325 2128 Langhamne
1360 2018 1697 2134 archiepiscopum
1723 2029 1917 2116 Cantuar.
1954 2033 2001 2114 18

580 2153 618 2226 A
648 2170 680 2226 r.
707 2141 823 2252 1368.

510 2290 549 2374 ς.
578 2172 814 2350 Prphtestatio
838 2259 1049 2345 Wilhelmi
1075 2265 1303 2374 Courtenay
1330 2261 1610 2376 archiepiscopi
1636 2271 1828 2352 Cantuar.
1858 2301 1909 2356 ne
1936 2271 2002 2358 in-

578 2385 725 2498 greffus
757 2385 850 2468 suus
888 2383 1116 2486 monasterii
1153 2384 1367 2498 privilegiis
1404 2386 1565 2496 deroget
1599 2389 1660 2469 vel
1696 2391 1927 2502 praejudicet
1959 2397 2001 2482 in

578 2509 781 2590 futurum.
1915 2495 1929 2515 “

508 2633 548 2716 ό.
577 2627 852 2738 Chronologia
871 2629 1056 2738 quaedam
1077 2629 1127 2710 ab
1147 2629 1242 2711 orbe
1260 2628 1424 2714 condito
1445 2631 1494 2712 ad
1514 2657 1669 2714 annum
1695 2635 1811 2743 1378.

507 2783 548 2863 7.
578 2749 755 2834 Historia
773 2751 990 2834 Britanniae
1010 2778 1034 2832 a
1051 2749 1182 2860 prima
1200 2751 1441 2862 antiquitate
1459 2755 1508 2834 ad
1526 2771 1699 2836 mortem
1718 2756 1905 2842 Edwardi
1923 2764 1996 2846 111.

509 2875 548 2964 8.
577 2871 824 2956 Constitutio
856 2871 1081 2956 Innocentii
1115 2899 1230 2986 papae
1262 2873 1311 2954 de
1343 2872 1528 2985 capitulis
1560 2873 1710 2958 ordinis
1743 2880 1781 2959 S.
1797 2881 1999 2968 Benedicti
2087 2897 2088 2900 ‘

576 2993 831 3079 celebrandis.
919 3027 922 3038 ·

506 3148 558 3227 9.v
574 3120 865 3227 Fragmentum
883 3113 1088 3222 cujusdam
1109 3114 1280 3200 historiae
1299 3115 1456 3226 Angliae
1474 3134 1513 3201 et
1532 3118 1686 3204 Scotiae.

511 3269 572 3324 10.
602 3237 919 3322 Constitutiones
939 3237 1283 3350 archiepiscopales
1302 3239 1350 3320 de
1367 3239 1422 3322 eis
1447 3269 1537 3350 quae
1560 3240 1791 3352 parochiani
1810 3259 1999 3332 tenentur

601 3360 787 3445 invenire.
802 3360 846 3444 in
865 3358 1055 3456 ecclesiis3
1085 3361 1193 3468 etde
1217 3357 1378 3444 decimis
1407 3389 1478 3474 per
1501 3362 1749 3448 ecclesrarum
1774 3366 1944 3456 rectores
1973 3399 1997 3456 a

602 3483 681 3566 suis
700 3481 952 3594 parochianis
971 3482 1164 3594 petendis.

511 3635 572 3690 11.
602 3609 665 3688 De
684 3603 911 3686 venditione
931 3621 971 3685 et
988 3603 1150 3687 decimis
1169 3607 1284 3688 lanae.

511 3755 572 3810 12.
601 3731 728 3810 Terra
747 3723 974 3808 monasterii
994 3731 1032 3808 S.
1046 3725 1262 3834 Augustini
1281 3728 1517 3811 mensurata.

508 3877 571 3960 13.
599 3848 829 3934 Comitatus
848 3845 1019 3956 Angliae,
1045 3865 1085 3930 et
1103 3847 1258 3931 castella
1276 3849 1444 3932 abbatiae
1462 3867 1501 3931 et
1519 3848 1720 3962 prioratus
1746 3853 1789 3938 in
1813 3856 1994 3966 quolibet

600 3970 809 4055 comitatu.

508 4123 569 4202 14.
597 4092 734 4176 Litera
760 4089 1099 4204 Bonifaciipapae
1127 4091 1238 4178 miffa
1261 4092 1494 4178 Ethelherto
1523 4094 1572 4174 de
1601 4094 1730 4206 prima
1755 4095 1992 4184 fundatione

598 4213 763 4298 ecclesrae
784 4212 942 4298 Christi.

351 4345 353 4350 '
377 4387 379 4394 ι
507 4365 569 4450 15.
598 4335 950 4420 Chronicafratris
966 4334 1177 4419 Wilhelmi
1194 4337 1373 4434 Thorne,
1393 4335 1459 4418 cui
1477 4335 1770 4424 subnectuntur
1787 4343 1991 4430 evidentiae

599 4457 868 4544 donationum
887 4457 1051 4542 ecclesrae
1071 4459 1218 4546 Christi
1238 4465 1431 4542 Cantuar.

600 4593 627 4630 ‘⁸
647 4583 727 4664 Hic
743 4581 836 4663 liber
847 4582 967 4690 primo
986 4601 1168 4664 mutuatus
1187 4613 1211 4663 a
1226 4587 1337 4692 nug.
1356 4577 1489 4672 Thomu
1506 4577 1651 4697 Terpno,
1666 4587 1738 4698 fid
1749 4587 1867 4696 postea
1884 4589 1989 4673 datus

600 4706 724 4814 “fuit
741 4702 907 4786 Mattheo
926 4706 1105 4786 Cantuar.
1123 4721 1193 4814 per
1216 4707 1327 4814 Mag.
1345 4749 1402 4770 -··
1420 4706 1585 4788 Bracher
1604 4715 1707 4816 (cum
1733 4709 1820 4790 aliis
1846 4712 1988 4824 quibus-

1777 4881 1793 4908 ,·
1859 4843 1887 4880 cc
1905 4835 1988 4916 dam

741 5141 983 5227 chxxlx.]
999 5143 1062 5216 Vct.
1079 5145 1145 5216 Cot.
1162 5141 1254 5320 Ἡ.
1270 5147 1367 5218 MSS.
1384 5147 1470 5233 Aegl.
1490 5147 1670 5236 1344-67.
