4980 6264
461 747 522 870 58
1003 683 1011 700 ’
1116 740 1393 837 Lxxxnr

512 935 558 1012 In
585 930 647 1012 hoc
672 931 763 1014 libra
782 927 1006 1010 continentur
1022 955 1132 1007 amnas
1150 927 1243 1008 libri
1268 929 1427 1038 historici
1444 931 1578 1012 valaris
1599 924 1824 1042 Testamenti,
1854 935 2001 1042 historia

458 1054 677 1164 evangelica,
698 1053 788 1133 liber
806 1047 938 1145 Tabia,
965 1049 1115 1159 Judith,
1142 1051 1281 1158 Hester,
1306 1054 1461 1149 Daniel,
1480 1054 1546 1136 cluo
1563 1055 1654 1135 libri
1672 1057 2000 1156 Macchabaeorum,

457 1182 575 1260 Alias
590 1175 823 1285 apostolarum,
842 1173 935 1254 liber
954 1171 1041 1282 Jal,
1060 1191 1095 1252 et
1114 1174 1269 1255 Cantica
1288 1177 1530 1260 Canticarum.

512 1299 616 1381 Huic
630 1316 748 1378 autem
766 1297 864 1404 operi
874 1297 1130 1405 praefiguntur,

522 1405 562 1503 1.
586 1417 774 1502 Historiae
791 1415 1009 1526 allegorica
1024 1433 1063 1499 et
1076 1413 1277 1500 sententia
1297 1419 1467 1502 morales
1485 1420 1533 1502 de
1548 1419 1734 1534 operibus
1751 1419 1815 1506 sex
1832 1421 2002 1524 diaum,

582 1542 819 1652 cumstguris.

517 1689 556 1747 2.
578 1661 883 1774 Compendium
907 1661 1046 1744 veteris
1073 1661 1320 1746 Testamenti
1345 1663 1561 1748 secundum
1589 1669 1703 1777 Mag.
1722 1669 1887 1752 Petrum
1913 1667 2004 1751 Pic-

585 1785 800 1868 taviensem
819 1783 1098 1866 cancellarium
1116 1784 1281 1868 ecclesiae
1299 1785 1531 1870 Pariliensrs.

584 1903 725 2034 {sabula
743 1908 1027 2018 cssgenealcgica
1045 1909 1270 2019 cumstguris
1287 1907 1436 2020 depictis
1453 1927 1488 1994 et
1507 1911 1599 1993 natis
1614 1911 1788 2022 historicis
1804 1929 1840 1994 et
1858 1889 2005 1996 chronic-

586 2033 710 2140 lagicis
727 2028 774 2111 ab
791 2029 932 2112 Adama
951 2029 1053 2142 usque
1070 2031 1122 2112 ad
1132 2029 1326 2140 Christum.

519 2185 558 2266 3.
588 2157 651 2236 De
668 2149 856 2261 gradibus
876 2149 1113 2234 humilitatis
1131 2168 1171 2234 et
1189 2153 1238 2233 de
1255 2150 1444 2261 gradibus
1461 2151 1664 2266 superbia,
1685 2154 1859 2240 metrice.

514 2305 556 2384 4.
585 2269 882 2387 Compendium
900 2272 991 2356 libri
1011 2272 1083 2384 qui
1099 2272 1248 2358 dicitur
1267 2282 1438 2358 Aurora.

1042 2485 1409 2602 LXXXIV.
1519 2555 1525 2578 .

513 2643 629 2731 codex
646 2645 928 2730 membranaceus
945 2647 986 2730 in
992 2649 1103 2760 folia,
1111 2649 1230 2761 seculo
1248 2650 1485 2762 inscriptus²
1505 2648 1546 2730 ia
1565 2676 1630 2758 qua
1648 2648 1887 2748 continentur,

519 2799 554 2854 1.
582 2769 778 2852 Gulielmi
794 2771 842 2852 de
861 2787 1000 2853 monte
1020 2773 1220 2856 Landuno
1240 2771 1519 2854 sacramentale
1540 2771 1631 2882 (fine
1648 2773 1886 2878 mutilatam.)

515 2919 555 2977 2.
584 2891 901 2974 Constitutiones
921 2893 1111 2977 Richardi
1131 2893 1412 3007 archiepiscopi
1430 2889 1723 2978 Cantuaricnsrs
1744 2894 1852 3004 apud
1870 2893 2004 2978 West-

582 3014 881 3112 monasterium,
906 3015 976 3124 [A.
997 3021 1050 3098 D.
1077 3017 1215 3128 1175.]

512 3165 550 3250 3.
579 3134 897 3220 Constitutiones
930 3137 1189 3250 provinciales
1224 3143 1263 3222 S.
1282 3135 1488 3223 Edmundi
1521 3135 1815 3220 Cantuarienfis
1851 3134 2003 3220 archie-

578 3255 741 3370 piscopi.

510 3411 550 3490 4.
580 3379 896 3466 Constitutiones
921 3383 1180 3494 provinciales
1207 3389 1261 3468 D.
1280 3383 1471 3496 Stephani
1494 3380 1687 3492 Mepham
1708 3380 2002 3464 Cantuariensrs

581 3503 862 3615 archiepiscopi
880 3507 994 3589 editae
1013 3508 1120 3618 apud
1140 3507 1375 3590 Lamhethe.

513 3655 550 3735 5.
580 3626 826 3708 Constitutio
853 3631 906 3710 D.
924 3633 977 3712 D.
998 3630 1165 3713 Roberti
1185 3627 1412 3714 Winchelse
1431 3645 1470 3711 et
1490 3629 1547 3708 W
1567 3679 1586 3694 -
1606 3679 1625 3694 -
1644 3677 1663 3692 -
1683 3676 1701 3693 ·
1721 3641 1760 3707 et
1786 3624 2003 3710 secundum

582 3747 773 3858 quosdam
796 3748 969 3834 Simonis
998 3751 1097 3865 lllep
1125 3751 1405 3862 archiepiscopi
1425 3747 1733 3845 CantuarienfiS,
1763 3747 1861 3857 quid
1885 3776 2004 3860 paro-

582 3869 716 3952 chiani
734 3870 911 3955 invenire
927 3874 1096 3958 debeant
1113 3875 1157 3960 in
1175 3876 1332 3958 ecclesia
1349 3894 1388 3958 et
1407 3873 1505 3984 quid
1524 3869 1707 3954 rellores.

514 3993 553 4074 6.
582 3992 898 4078 Constitutiones
927 4001 981 4080 D.
1001 3987 1174 4082 Sim'onis
1202 4001 1250 4080 de
1275 3997 1374 4110 Issep
1403 3993 1683 4106 archiepiscopi
1709 3990 2006 4076 Cantuarienfis

582 4115 630 4197 de
657 4116 876 4226 presbiteris
904 4119 1092 4204 annualia
1116 4121 1356 4204 celebrandis
1380 4137 1420 4200 et
1446 4118 1531 4200 aliis
1559 4143 1644 4198 non
1662 4113 1809 4196 curatis
1834 4131 1882 4195 ut
1899 4112 2004 4196 curis

584 4239 801 4321 deserviant
820 4241 1014 4342 desolatis,
1035 4245 1138 4326 datae
1157 4245 1265 4354 apud
1282 4241 1517 4337 Lamhethe,
1537 4243 1587 4320 A.
1606 4241 1659 4320 D.
1687 4239 1803 4345 1362.

514 4387 554 4474 7.
584 4361 831 4444 Constitutio
863 4368 916 4445 D.
936 4365 1103 4448 Roberti
1128 4368 1176 4448 de
1199 4362 1462 4476 Wynchelsey
1485 4357 1763 4471 archiepiscopi
1789 4354 2005 4442 Cantuari·

583 4485 682 4568 ensls
702 4482 810 4566 salta
827 4483 871 4567 in
888 4486 1110 4570 visrtatione
1128 4487 1209 4586 sua,
1230 4493 1281 4570 A.
1298 4492 1351 4569 D.
1377 4513 1493 4594 1305.

515 4607 553 4690 8.
583 4613 705 4690 Carta
732 4608 932 4692 Edwardi'
946 4611 1047 4720 regis
1077 4612 1126 4692 de
1154 4609 1305 4692 casibus
1336 4608 1380 4691 in
1408 4606 1555 4716 quibus
1582 4603 1702 4712 judex
1731 4599 2003 4690 ecclesiasticus

580 4731 709 4841 potest
727 4731 957 4840 cognoscere
975 4732 1082 4846 regia
1099 4730 1371 4846 prohibitione
1390 4757 1474 4812 non
1493 4728 1686 4810 obstante.

1802 4873 1841 4953 9.
1870 4840 2006 4924 Litera

463 5011 2011 5056 Μ..

509 5139 721 5224 LXXXIV.]
738 5141 800 5210 Va.
816 5143 883 5208 cat.
900 5138 935 5208 P.
954 5163 1003 5229 ¹4·
1021 5141 1119 5211 MSS.
1136 5140 1222 5226 Angl.
1243 5157 1437 5230 1512··245·

512 5237 562 5320 8.]
578 5238 649 5309 Vide
661 5235 859 5307 CCCCXll.
876 5267 907 5304 a.
