4980 6264
494 743 563 900 is
1193 763 1368 880 ‘exn

548 991 611 1052 12.
640 969 772 1052 Cattae
790 984 830 1050 et
851 965 951 1078 leges
970 961 1137 1052 Ilenrici
1156 966 1228 1052 lll.

548 1115 610 1198 13.
642 1089 817 1172 Rubrica
834 1089 1075 1172 statutorum
1094 1087 1280 1172 Edwardi
1297 1091 1329 1173 1.

218 1203 222 1210 ’
396 1243 400 1250 ·
541 1211 610 1292 Ad
619 1213 734 1319 finem
757 1213 880 1294 mrtem
887 1209 1123 1320 statutorum,
1144 1239 1253 1293 manu
1278 1237 1386 1292 coevo
1405 1209 1654 1322 inscribuntur
1679 1214 1735 1296 bn
1754 1236 1846 1299 notae
1858 1257 1869 1316 ς
1895 1229 1924 1266 “
1943 1221 2029 1304 Nem

487 1341 518 1402 “2
534 1331 609 1413 erit
622 1332 707 1440 plus
725 1362 836 1436 ,nune
862 1333 951 1443 quia
961 1332 1059 1444 setis
1082 1331 1186 1413 babes
1208 1332 1250 1412 in
1274 1329 1302 1412 ii
1323 1330 1430 1414 libris
1444 1331 1733 1446 subsequentibus
1749 1339 1918 1422 videlicet
1935 1343 2028 1424 libro

484 1459 512 1498 “
531 1469 654 1534 vocato
671 1453 855 1561 Speculum
862 1453 1069 1564 justiciore,
1088 1471 1123 1534 et
1136 1455 1248 1534 altero
1267 1452 1689 1555 innocentiorem,
1705 1477 1741 1539 et
1759 1461 1923 1571 nonsunt
1936 1463 2029 1544 libri

484 1573 678 1683 “figillati
699 1591 769 1684 per
794 1604 911 1685 regem
935 1593 1093 1658 attamen
1111 1575 1240 1657 taliter
1262 1573 1538 1683 placitabamtur
1560 1579 1773 1687 temporibus
1794 1611 1919 1690 regum
1943 1583 2027 1666 Ed·

482 1694 607 1776 avorti
608 1695 693 1804 filii
710 1696 806 1804 regis
823 1697 983 1780 Henrici
995 1699 1087 1793 111,-
1101 1713 1138 1778 et
1155 1695 1427 1805 Edwardifilii
1442 1699 1539 1808 regis
1557 1699 1777 1782 Edeoaedi.”

539 1825 565 1862 “
584 1816 657 1924 Isia
670 1815 814 1920 statuta
829 1846 977 1930 quorum
986 1817 1174 1929 probemia
1183 1817 1356 1931 seperius
1374 1817 1435 1902 bic
1450 1819 1690 1904 intitulantur
1712 1823 1752 1904 in
1768 1821 1860 1904 libro
1879 1823 1940 1932 isto
1956 1855 2025 1910 non

465 1943 510 2040 ¹“
517 1935 729 2048 scribentur
745 1967 808 2021 mcc
826 1939 1035 2049 registrario
1051 1940 1143 2050 quia
1158 1935 1252 2019 alibi
1269 1937 1457 2036 habentur,
1479 1956 1515 2021 et
1531 1942 1620 2051 quia
1639 1943 1779 2024 intendo
1798 1974 1842 2025 ex
1859 1944 1950 2030 libro
1966 1948 2028 2056 ¹le

478 2066 509 2102 ⁴⁸
530 2075 566 2138 et
582 2058 668 2142 aliis
687 2089 854 2169 magnum
871 2060 1020 2143 codicem
1037 2077 1235 2170 cooeponere
1255 2061 1344 2171 quic
1360 2059 1450 2144 utile
1465 2060 1557 2143 duxi
1573 2061 1720 2174 posteris
1734 2065 1917 2176 presentia
1931 2085 2022 2150 tcm-

480 2185 509 2224 “
519 2195 650 2290 porum
667 2181 858 2291 nostrorum
873 2183 1083 2294 exprimere.

538 2327 591 2404 ¹4
617 2305 742 2410 Leges
772 2329 871 2414 quas
899 2329 968 2386 tex
993 2299 1192 2387 AElfredus
1220 2300 1269 2393 de
1292 2301 1414 2388 veteri
1437 2301 1673 2390 testamento
1695 2303 1844 2420 sctipbt
1866 2324 1908 2390 et
1929 2305 2022 2393 scti-

477 2419 568 2504 bere
585 2418 692 2507 fecit.

1125 2561 1356 2684 LXXI.

530 2733 646 2818 Codex
662 2734 946 2820 membranaceus
963 2733 1118 2846 infolio,
1124 2734 1243 2850 seculo
1255 2731 1323 2818 xii
1341 2748 1526 2834 exaratus,
1544 2731 1590 2814 in
1603 2759 1670 2846 quo
1686 2731 1924 2836 continentur,

536 2879 571 2938 1.
601 2855 833 2940 Macrobius
848 2859 898 2940 de
916 2851 1208 2942 Saturnalibus.

530 3001 570 3058 2.
598 2975 802 3062 Ciceronis
820 2976 1021 3061 somnium
1040 2975 1247 3090 Scipionis.

531 3123 570 3206 3.
599 3097 947 3187 commentarium
968 3097 1168 3182 Macrobii
1185 3097 1230 3180 in
1249 3092 1451 3182 somnium
1469 3093 1677 3211 Scipionis.

527 3244 569 3324 4.
599 3219 794 3330 Apuleios
812 3221 860 3304 de
876 3221 1063 3328 dogmate
1082 3218 1274 3306 Platonis.

528 3365 567 3446 5.
597 3341 707 3426 Idem
727 3343 774 3424 de
794 3339 1056 3454 philosophia.
1184 3437 1196 3462 ⁶

527 3463 567 3542 ὁ.
596 3463 706 3544 Idem
726 3463 775 3544 de
794 3463 963 3544 mundo.

524 3607 566 3690 7.
596 3583 706 3664 Idem
724 3583 772 3663 de
789 3583 865 3665 deo
882 3581 1069 3668 Socratis.
1217 3685 1219 3690 ¹

526 3699 566 3784 8.
595 3701 773 3814 Epistola
793 3705 842 3786 de
859 3702 1015 3788 ratione
1032 3705 1230 3791 cabonem
1242 3708 1298 3792 ad
1316 3703 1546 3819 sylvestrem
1564 3729 1723 3822 papam.

524 3850 551 3930 9
555 3873 732 3904 -----
750 3817 1237 3914 erbertiadAdelbodum
1254 3831 1303 3912 de
1320 3827 1612 3914 mensuratione
1629 3824 1898 3938 bigonotune.

1108 4035 1377 4156 LXXII.

465 4307 467 4310 Ι
491 4318 500 4336 ·
521 4198 637 4282 Codex
652 4201 935 4286 membranaceus
953 4203 993 4285 in
1010 4201 1074 4309 4¹⁰,
1093 4206 1276 4287 accudere
1291 4202 1505 4314 nitidffmo,
1506 4199 1629 4314 siculo
1645 4196 1722 4280 xiii
1724 4197 1901 4310 scriptus,
1926 4226 2028 4309 eon-y

464 4336 738 4550 tlnbniiengelia
755 4461 943 4554 quatuor,
963 4444 1119 4528 Latine.

518 4563 588 4644 Ad
606 4565 757 4648 initium
774 4567 915 4665 codicis,
932 4567 1096 4652 Tabula
1118 4563 1340 4654 bibonum
1362 4564 1544 4680 quolibet
1568 4561 1632 4648 die
1654 4559 1754 4646 festo
1776 4587 1848 4678 per
1871 4573 2006 4643 totum

457 4703 632 4768 annum.

1860 4801 2007 4884 Literae

515 5101 660 5188 LXXI.]
676 5105 741 5174 Vct.
760 5107 826 5173 Cot.
843 5107 884 5172 V.
900 5129 932 5190 4.
952 5107 1047 5174 MSS.
1064 5105 1150 5191 Angl.
1170 5110 1372 5195 1566-299·

512 5195 674 5284 Lxxn.]
691 5199 755 5272 Vct.
771 5207 839 5274 Cot.
854 5203 898 5272 V.
915 5221 946 5292 5.
963 5205 1060 5275 MSS.
1077 5204 1163 5288 negt
1183 5205 1384 5294 1564-297.
