5058 6274
1083 726 1405 836 CCXCVlll.
1946 759 2046 870 333

654 928 759 1014 ratio
791 919 925 1012 rerum
951 925 1272 1038 Anglicanarum
1290 955 1325 1012 a
1348 919 1497 1012 morte
1509 921 1661 1008 canuti
1691 923 1756 1010 ad
1772 919 1948 1012 mortem
1976 929 2051 1016 lilii

651 1052 738 1159 eius
759 1049 1020 1136 Hardicnuti.

561 1177 625 1260 16.
653 1177 717 1260 De
735 1171 958 1285 pontificali
976 1171 1063 1256 sede
1080 1171 1290 1284 quomodo
1305 1171 1495 1286 primitus
1513 1169 1663 1256 statuta
1678 1170 1727 1254 srt
1747 1171 1988 1282 Wigomiae,
2010 1187 2053 1256 et

378 1371 383 1386 .
506 1325 508 1330 ·
648 1295 699 1378 de
726 1294 1147 1436 possessionibusque
1171 1323 1197 1382 a
1222 1294 1383 1406 regibus
1409 1289 1631 1404 subregulis
1655 1309 1699 1378 et
1723 1295 2051 1382 bonerecorda·

650 1416 775 1502 tionis
792 1417 900 1516 virio,
926 1419 1032 1502 datrc
1047 1417 1144 1502 sunt
1159 1415 1419 1528 Wigomensr
1436 1413 1617 1499 ecclesiae.

652 1551 682 1588 “
702 1545 799 1624 Haec
822 1542 1000 1656 descrrpta
1020 1571 1041 1624 e
1054 1541 1148 1624 libro
1173 1541 1323 1654 quodam
1344 1540 1467 1624 ueteri
1489 1539 1639 1648 eccsestae
1652 1539 1719 1622 W
1701 1539 1906 1651 gomiensts
1926 1561 2052 1630 vocato

651 1663 897 1774 “opusculum
913 1659 1560 1776 Bedaededruerfisepiscopatibusl'
2088 1670 2092 1679 '

559 1805 621 1896 17.
650 1787 773 1868 Breve
800 1785 965 1868 annales
990 1809 1126 1870 rerum
1154 1779 1519 1870 memorabilium
1506 1807 1551 1866 m
1570 1779 1733 1950 Augila,
1759 1779 1976 1896 presertim
1997 1781 2052 1868 ab

653 1933 765 1990 anno
789 1933 892 2018 1530
912 1907 962 1990 ad
981 1934 1137 1992 annum
1162 1936 1281 2020 ¹540
1352 1939 1371 1946 ··
1488 1967 1493 1978 .
2048 1961 2052 1972 ·

562 2027 625 2110 18.
652 2031 852 2140 Excerpta
871 2031 921 2112 ab
940 2029 1105 2114 historia
1123 2024 1217 2114 libri
1235 2027 1463 2114 monasterii
1482 2025 1795 2138 Jovenallenfis
1785 2057 1829 2115 ιιι
1848 2027 1930 2115 vita
1925 2029 2050 2224 regis
2132 2126 2135 2132 ,
2227 2041 2234 2055 “

652 2151 815 2262 Edgari,
832 2153 880 2236 de
898 2177 1017 2236 cruce
1032 2155 1225 2268 loquente
1242 2153 1351 2265 apud
1370 2151 1562 2236 Winton
1691 2231 1696 2238 ,,
1761 2201 1764 2208 1

559 2299 620 2384 19.
647 2267 830 2386 Epistola
847 2273 1065 2364 Alexandri
1087 2303 1204 2391 papae
1229 2277 1281 2360 ad
1299 2270 1571 2360 wilhelmum
1588 2267 1902 2388 conquisitorem
1926 2305 2049 2388 equo-

651 2396 736 2480 dom
752 2398 884 2508 uetusto
911 2399 1003 2482 libro
1028 2402 1175 2512 eccsestae
1191 2403 1372 2488 cantuar.
1389 2416 1520 2484 vocato
1541 2397 1728 2512 pafflonale
1749 2401 1791 2484 S.
1803 2391 1993 2510 Ignacii
1963 2429 2051 2510 Jam

572 2561 575 2570 ι
650 2520 871 2604 inmmbus
890 2523 1001 2632 Mag.
1014 2525 1162 2606 Bmoer.
1294 2583 1305 2598 .

557 2669 623 2726 20.
653 2645 716 2724 De
736 2641 886 2754 synodo
910 2643 1050 2728 habita
1069 2643 1258 2730 Winton.
1276 2671 1387 2730 anno
1410 2640 1528 2754 1076,
1557 2635 1629 2726 ubi
1653 2635 1921 2732 matrimonia
1934 2635 2050 2726 cleri-

629 2789 791 2850 corum
809 2764 1143 2878 prohibebantur,
1159 2799 1204 2852 ex
1214 2767 1351 2878 vetulo
1368 2767 1460 2850 libro
1478 2795 1498 2848 c
1515 2760 1676 2852 biblioth.
1694 2766 1861 2876 Wigorn
1924 2837 1927 2848 .

559 2911 623 2968 21.
653 2887 844 2973 Prosellio
873 2888 1049 2976 Thomae
1073 2891 1198 2976 Ebot.
1226 2885 1531 3004 archiepiscopi.
1561 2904 1603 2972 et
1628 2888 1834 3000 catalogus
1862 2883 2052 2972 omnium

653 3007 928 3122 cpiscoporum
946 3039 1019 3126 qur
1005 3013 1128 3096 tales
1145 3010 1399 3126 professiones
1413 3007 1594 3094 secemnt
1612 3003 1926 3122 archiepiscopis
1929 3011 2050 3096 Cant.

557 3153 622 3212 22.
653 3135 840 3214 Canones
859 3131 996 3242 synodi
1018 3134 1296 3258 episcoporum
1315 3125 1476 3218 Patricii
1494 3151 1534 3216 et
1553 3127 1744 3218 lffernini

556 3279 621 3362 2.3
652 3257 834 3364 synodus
854 3255 1032 3340 Londini
1050 3255 1122 3338 sub
1141 3239 1330 3340 Anselmo
1348 3271 1489 3340 contra
1508 3281 1653 3342 uxores
1672 3249 1994 3368 presbiterorum.

555 3403 620 3480 24.
650 3375 847 3462 Paschalis
865 3406 970 3490 papa
989 3379 1039 3463 ad
1060 3379 1309 3464 Anselmum.

556 3523 577 3576 2
584 3522 621 3602 ς
651 3503 689 3578 A
709 3500 1017 3584 determination
1035 3499 1086 3584 of
1108 3531 1131 3586 a
1151 3501 1294 3584 dodlor
1311 3495 1361 3584 of
1383 3495 1553 3612 divinity
1570 3493 1722 3610 against
1742 3495 1855 3586 them
1879 3497 1970 3585 that
1986 3500 2053 3614 say

651 3618 684 3700 it
716 3617 749 3702 is
774 3637 858 3702 not
888 3621 1030 3713 lawful
1062 3638 1107 3705 to
1139 3623 1238 3706 have
1271 3623 1367 3734 holy
1395 3621 1529 3708 writte
1564 3623 1644 3714 and
1673 3623 1790 3708 other
1825 3623 2017 3708 bookce
2007 3651 2052 3710 ιιι

650 3739 854 3850 Englishe.

555 3859 819 3972 26.Q1esti0
855 3860 1119 3952 determinata
1156 3895 1227 3982 per
1258 3869 1371 3976 Mag.
1388 3859 1607 3950 Nicolaum
1639 3863 1796 3952 dilium
1826 3863 1969 3952 Trivet
2002 3869 2051 3950 de

652 3983 792 4068 ordine
812 3985 1124 4098 predicatorum,
1138 4063 1141 4069 ,
1153 3990 1265 4104 quod
1282 3987 1421 4072 omnia
1438 3985 1531 4074 sunt
1550 3987 1800 4074 admittenda
1817 3991 1917 4100 quae'
1929 3986 2062 4076 tradit.

651 4105 806 4190 ecclefia
826 4107 930 4192 circa
948 4113 1164 4224 pollionem
1186 4107 1348 4196 Christi.

1137 4331 1483 4451 CCXClX.

553 4491 668 4576 Codex
685 4485 969 4576 membranaceus
986 4491 1027 4578 in
1045 4493 1108 4601 4¹⁶,
1116 4499 1236 4610 seculo
1254 4499 1330 4580 xiii
1334 4497 1512 4607 smptus,
1532 4493 1573 4574 in
1596 4494 1932 4604 pronuntientur„
2032 4524 2036 4535 ·

561 4643 593 4696 ι.
624 4619 686 4696 De
703 4613 916 4696 concordia
935 4617 1073 4702 veteris
1091 4637 1132 4704 ct
1152 4647 1270 4704 novae
1287 4617 1383 4730 legis
1403 4615 1758 4702 sacramentorum.

1843 4758 1882 4820 2.
1912 4737 2048 4822 lvonis

555 5061 629 5148 au]
643 5065 713 5134 Vzre
726 5063 946 5134 CCLXXIX.

553 5173 626 5256 25.]
643 5173 713 5241 Vide
725 5173 765 5240 C.
784 5195 817 5262 3.

551 5280 755 5366 CCXClX.]
771 5285 836 5356 Ver.
853 5287 919 5352 Cat.
938 5281 984 5350 T.
1001 5285 1034 5354 ό.
1053 5281 1148 5357 MSS..
1161 5283 1246 5368 Angl.
1267 5285 1469 5372 1560-293.
