5058 6274
1225 857 1262 903 .··
1926 827 2035 926 303.

527 1197 689 1286 Libellus
711 1199 918 1286 chartaceus
944 1199 1155 1310 tenulfflmus
1182 1205 1224 1286 in
1241 1203 1305 1310 4¹⁰,
1334 1201 1417 1286 olim
1437 1200 1617 1314 peculium
1636 1191 1777 1284 Thoante
1795 1199 1924 1281 Parne
1940 1196 2026 1282 Coll.

471 1317 513 1408 T
504 1325 581 1408 rin.
599 1323 751 1423 alumni,
771 1342 808 1408 et
823 1322 871 1407 ab
888 1325 1001 1408 eodem
1018 1326 1103 1408 huic
1119 1324 1336 1410 bibliotheca
1355 1323 1440 1408 dono
1459 1323 1575 1422 datus,
1595 1325 1636 1406 in
1655 1352 1720 1436 quo
1739 1323 1988 1460 continenturz

527 1443 716 1559 Epistolae
744 1447 931 1558 quedam
958 1445 1175 1557 familiares
1203 1434 1395 1544 Richardi
1420 1445 1537 1545 Coxi,
1563 1443 1751 1530 Edwardi
1769 1447 1841 1526 VI.
1867 1443 2027 1554 Anghae

471 1566 573 1678 regis
601 1569 808 1680 pedagogi,
838 1553 1014 1654 et'urbis
1034 1568 1271 1692 Oxoniensrs
1300 1567 1670 1667 archi-cancellarii,
1700 1568 1772 1652 sub
1791 1564 2026 1652 Elizabetha

468 1690 606 1800 regina
625 1719 719 1775 vero
736 1691 909 1805 episcopi
928 1689 1093 1776 Elienfis
1098 1693 1271 1805 sequenti.
1285 1691 1419 1804 ordine.
1908 1719 1912 1730 ¹

531 1840 567 1898 1.
595 1813 663 1895 Ad
680 1815 958 1924 Bullingerum
976 1803 1121 1898 testans
1141 1811 1360 1900 amicitiam
1379 1813 1490 1899 suam
1509 1839 1603 1928 erga
1619 1839 1727 1912 eum,
1756 1813 1849 1938 data
1867 1839 1914 1896 ex
1933 1811 2027 1950 auia
2078 1927 2081 1934 Ι

594 1935 697 2046 re'gis
717 1935 887 2026 Westm.
909 1964 959 2021 22
979 1935 1072 2020 Οᾶ.
1098 1965 1215 2050 1549,
1236 1966 1332 2022 cum
1350 1933 1585 2052 post'scripto
1603 1937 1794 2022 Iohannis
1817 1937 1868 2020 ab
1890 1936 2023 2019 Ulmrs

594 2055 644 2139 de
661 2057 767 2144 statu
785 2059 988 2170 religionis
1009 2079 1049 2144 et
1068 2059 1303 2144 antichristo
1320 2063 1486 2182 demum
1503 2057 1731 2172 profligato.
1960 2149 1982 2199 .·

527 2205 566 2262 2.
596 2181 662 2262 Ad
679 2181 853 2266 eundem
878 2181 990 2294 quod
1017 2209 1085 2266 rex
1113 2181 1394 2268 humaniffime
1423 2201 1625 2296 acceperat
1644 2180 1881 2296 opusculum
1902 2181 1973 2266 fibr
2001 2209 2033 2264 a·
2148 2287 2152 2294 Ι

596 2301 830 2414 Bullingero
849 2301 1092 2405 dedicatum,
1119 2307 1214 2390 data
1233 2309 1363 2392 Lond.
1384 2305 1464 2391 kal.
1485 2310 1592 2390 Nov.
1621 2335 1635 2390 1
1644 2333 1666 2417 ς
1673 2333 1738 2417 50.
1765 2403 1769 2410 ,

527 2452 566 2532 3.
594 2425 660 2506 Ad
681 2428 867 2525 eundem,
896 2429 1008 2540 quod
1035 2427 1192 2514 summa
1219 2455 1321 2514 cum·
1343 2431 1550 2542 voluptate
1577 2431 1725 2538 legerat
1747 2427 1894 2560 scripta
1916 2447 2030 2559 ejusg

595 2561 636 2627 et
654 2564 814 2632 enarrat
827 2547 1063 2661 opinionem
1079 2549 1190 2634 suam
1206 2552 1255 2634 de
1272 2553 1378 2638 statu
1397 2581 1532 2638 rerum
1551 2551 2030 2671 eccltfiafficarunndata
2197 2584 2202 2592 '

595 2664 821 2753 Westmon.
844 2699 868 2782 5
887 2671 1005 2772 Maii,
1032 2701 1149 2784 1551,
1175 2701 1269 2758 cum
1289 2675 1524 2794 postscripto
1545 2681 1738 2775 Iohannis
1758 2693 1960 2779 enormis
1979 2698 2028 2780 de
2066 2726 2070 2734 ·

594 2788 706 2874 libris
727 2820 829 2902 quos
850 2795 901 2878 ab
921 2793 1005 2908 ipso
1023 2813 1240 2908 acceperat,
1260 2815 1300 2882 et
1320 2800 1369 2889 de
1389 2807 1710 2918 expeditionein·
1724 2817 1875 2898 scotos.

525 2939 567 3020 4.
583 2913 661 2994 -Ad
679 2917 867 3015 eundem,
892 2917 941 3001 de
960 2917 1043 3002 ritu
1064 2921 1318 3033 publicarum
1344 2933 1509 3040 precum
1527 2948 1568 3014 et
1585 2931 1923 3022 sacramentorum
1944 2927 2021 3024 im-

593 3051 771 3135 mutato,
800 3045 848 3120 et'
865 3039 914 3124 de
941 3044 1116 3152 generali
1138 3047 1233 3134 odio
1258 3049 1455 3136 severioris
1484 3049 1699 3166 disciplina
1727 3059 1833 3170 apud
1853 3065 2023 3172 Anglos,

595 3155 690 3274 data
707 3160 962 3270 Wyndesore'
975 3193 998 3276 ς
1017 3167 1110 3251 Oli.
1138 3197 1255 3280 1552.
1302 3209 1306 3217 ·

527 3305 567 3390 5.
596 3281 662 3361 Ad
682 3282 853 3365 eundern
881 3286 1028 3394 gratias
1047 3287 1082 3372 ei
1103 3318 1223 3402 agens
1251 3323 1325 3406 pro
1353 3295 1464 3381 libris
1484 3297 1561 3382 suis
1589 3296 1934 3409 intestamentum
1955 3311 2022 3392 Io-

596 3399 916 3522 hannisBrentii
937 3427 977 3493 et
995 3413 1149 3497 bullam
1168 3419 1366 3530 papalem,
1392 3449 1408 3504 1
1417 3448 1439 3529 5
1446 3449 1511 3530 59.
2046 3445 2050 3454 '

529 3524 567 3602 6.
596 3525 662 3604 Ad
689 3525 984 3639 Wolfgangum
1012 3535 1277 3622 Weidnerum
1313 3544 1362 3624 de
1393 3541 1666 3656 disputatione
1692 3547 1853 3656 publica
1885 3551 2022 3658 habita

539 3701 541 3706 -
593 3643 701 3727 inter
726 3651 896 3759 papistas
925 3671 964 3736 et
992 3655 1217 3744 reformatae
1247 3663 1449 3778 religionis
1478 3665 1665 3767 cultores,
1695 3669 1788 3755 data
1814 3657 1945 3758 Lond.
1969 3703 2020 3760 20

595 3765 855 3882 M³li21559=
1889 3819 1897 3834 ·
2005 3827 2009 3836 ’

1092 3967 1434 4136 centn„
1525 3922 1531 3930 ’

527 4129 640 4211 Codex
657 4114 866 4214 ¹charnsceus
884 4135 924 4216 in
943 4134 994 4241 4¹⁰
1011 4139 1139 4223 rninor'⁸
1160 4141 1351 4242 continens,

525 4247 779 4335 collectanea
807 4255 1000 4340 Gulielmi
1030 4263 1286 4352 Buckmaster
1315 4263 1523 4352 academiae
1552 4219 1889 4379 Cantainigiensrs
1917 4231 2014 4388 pro-
2058 4265 2060 4271 ⁸

470 4373 692 4456 cancellarii
711 4379 762 4458 A.
776 4379 830 4458 D.
854 4407 970 4488 1529,
991 4385 1172 4486 videlicet,

531 4523 565 4580 1.
595 4495 784 4580 Plurimae
800 4500 999 4588 orationes
1018 4533 1151 4591 coram
1168 4492 1313 4595 senatu¹
1324 4511 1494 4608 habitae;
1514 4555 1570 4576 -·
1583 4509 1705 4596 literae
1721 4516 1886 4602 Henrici
1900 4503 2012 4636 Vm·

591 4619 643 4702 ad
669 4621 924 4722 academiam,
954 4643 993 4708 et
1021 4629 1299 4718 determinatio
1318 4633 1537 4758 academiae
1564 4637 1612 4718 de
1639 4634 1901 4723 'matrimonio
1917 4642 2009 4752 ejus

597 4767 691 4825 curn
705 4742 848 4853 'r'eg'ina
867 4747 1082 4851 Katerina;
1111 4799 1168 4820 -
1187 4773 1370 4869 excerpta
1388 4785 1434 4839 ex
1454 4757 1599 4840 chartis
1622 4757 1763 4868 regiis3
1791 4805 1849 4828 -
1868 4767 2012 4850 modus

1808 4911 1810 4916 ·
1917 4917 2013 5002 pro-

476 5055 2026 5118 ·--------—.--..-..........-.,...,-q

523 5166 695 5252 cch1.]
711 5171 774 5241 Ver.
792 5173 860 5242 Cat.
875 5173 948 5244 Lib.
965 5181 1005 5243 ab
1020 5179 1072 5244 ΑΙ.
1088 5201 1142 5264 42.

524 5269 710 5359 centn]
726 5274 789 5346 nt.
805 5281 873 5348 en.
889 5279 962 5352 ns.
980 5286 1019 5352 as
1033 5285 1085 5351 n.
1102 5307 1154 5377 37.
