4980 6264
1090 726 1299 822 XXVII.
1940 767 2000 860 17

454 935 480 972 “
498 923 760 1020 archidiaconi,
790 921 889 1030 cnjm
917 909 1042 1000 anima
1068 931 1140 1022 pet·
1168 914 1450 1025 misericordiam
1485 922 1567 1001 Dei
1598 923 1793 1034 requiescat
1829 923 1869 1006 in
1899 943 2004 1035 poce.
2082 1003 2085 1012 .

453 1058 481 1094 ‘⁸
501 1050 633 1130 AEnen.
689 1049 756 1128 De
772 1044 909 1155 ecclefla
928 1045 977 1124 Β.
997 1038 1143 1120 Maria
1161 1037 1204 1118 de
1220 1038 1402 1149 Lefflona,
1426 1042 1595 1151 suffocet

1078 1237 1378 1354 XXVIII.

507 1417 622 1498 Codex
638 1416 921 1498 membranaceus
938 1409 1092 1518 infolio,
1099 1409 1219 1521 stculo
1237 1410 1298 1490 xii
1314 1427 1499 1508 exaratus,
1520 1412 1560 1492 in
1577 1441 1644 1521 qno
1661 1416 1901 1512 continentur,

508 1537 692 1646 origenis
713 1534 912 1618 Homeliae
933 1529 1055 1615 xxviii
1073 1529 1117 1616 in
1136 1529 1287 1612 libmm
1307 1533 1585 1616 Numerorum
1605 1559 1628 1614 a
1649 1533 1803 1618 Rufino
1820 1563 1842 1618 e
1860 1541 2005 1622 Graeco

448 1657 493 1740 in
511 1659 706 1740 Latinum
725 1655 855 1740 versae.

506 1791 532 1828 “
553 1780 673 1862 Liber
683 1779 827 1890 sancta
845 1781 992 1862 Maria
1010 1773 1252 1860 Abbendonia
1263 1813 1275 1872 ;
1305 1779 1503 1888 quicunque
1527 1776 1640 1891 ipstem
1663 1779 1886 1863 alienaverit
1906 1811 2001 1868 ana·

449 1911 475 1948 “
496 1903 615 1984 thema
615 1903 684 2010 fit.
703 1904 861 1984 Amen.''

1101 2086 1343 2204 XXIX.

501 2258 617 2340 Codex
633 2255 917 2340 membranaceus
935 2259 1092 2368 infolio,
1098 2259 1219 2370 seculo
1236 2260 1313 2342 xiii
1330 2275 1514 2376 exaratus,
1535 2259 1577 2340 in
1594 2287 1660 2370 qno
1677 2259 1892 2353 continetur,

501 2375 609 2464 Petri
628 2378 869 2464 Comestoris
887 2379 1051 2466 historia
1070 2379 1307 2468 scholaffica.

1108 2583 1323 2703 XXX.

500 2750 615 2833 Codex
631 2719 917 2832 membranaceus
934 2751 1091 2862 infolio,
1097 2755 1218 2866 seculo
1232 2756 1314 2836 ‚xiii
1331 2767 1516 2846 exoratus,
1536 2749 1577 2830 in
1596 2777 1661 2860 quo
1676 2750 1917 2848 continentur,

505 2899 540 2952 1.
569 2869 777 2982 Expofitio
810 2871 980 2954 Andteae
1022 2871 1263 2983 [Victorini]
1306 2870 1461 2956 abbatis
1498 2870 1540 2953 in
1583 2870 1914 2979 pentateuchum,
1955 2869 1998 2952 in

454 3063 459 3072 .
565 2993 744 3100 Josuam,
765 2992 938 3100 Judices,
959 2992 1003 3076 in
1017 2995 1141 3078 libros
1162 3001 1323 3105 Regum
1339 3013 1379 3078 et
1394 2991 1706 3116 chronicorum,
1728 2990 1996 3082 inParaboIas

564 3111 801 3211 Salomonis,
820 3113 923 3196 etin
942 3114 1224 3202 Ecclefiastcm.

500 3261 537 3318 2.
567 3236 773 3349 Expofitio
793 3236 839 3332 in
858 3237 1071 3321 Parabolas
1092 3235 1310 3324 secundum
1330 3239 1489 3322 Bedam.

500 3387 538 3468 3.
569 3357 799 3442 Hieronimi
818 3357 1011 3467 expofitio
1031 3359 1076 3442 in
1096 3363 1380 3446 Ecclefiastem.

496 3509 538 3585 4.
568 3482 738 3565 Andreae
762 3477 1001 3590 [Victoxini]
1026 3483 1179 3568 abbatis
1191 3483 1392 3596 expofitio
1411 3481 1455 3566 in
1475 3477 1529 3564 xii
1550 3480 1779 3592 prophetas.

1082 3689 1327 3804 XXXI.

493 3851 608 3934 Codex
628 3853 911 3936 membranaceus
929 3856 1083 3966 infielio,
1092 3860 1212 3974 ficulo
1231 3863 1302 3941 xiv
1320 3871 1504 3948 exaratus,
1525 3849 1567 3932 in
1584 3877 1653 3961 quo
1672 3849 1887 3947 continetur,

493 3978 649 4056 Textus
675 3973 729 4055 xii
756 3974 1059 4084 prophetarum,
1089 3999 1129 4062 et
1153 3979 1344 4093 expofitio
1361 4001 1503 4062 eorum
1528 3999 1553 4054 a
1577 3970 1766 4080 magistro
1788 3972 1992 4084 Stephano

440 4095 669 4206 [Langton]
685 4094 984 4208 archiepiscopo
1003 4101 1294 4186 Cantuarienfi.

492 4231 518 4265 “
538 4219 658 4300 Liber
661 4219 807 4328 sanila
825 4222 972 4302 Maria
989 4222 1031 4304 de
1050 4227 1269 4336 Coggejlhale.

1672 4343 1845 4424 XXXII.
1874 4341 1989 4422 Codex

434 4527 1992 4566 w

488 4627 669 4711 xxv111.]
685 4629 750 4698 nn.
770 4633 834 4698 Cot.
851 4633 891 4700 L.
908 4655 937 4706 7·
958 4637 1058 4705 MSS.
1069 4641 1156 4724 Angl.
1177 4639 1380 4724 1405-128.

487 4735 638 4820 XXIX]
655 4735 718 4804 Vct.
735 4737 802 4804 Cot.
819 4737 857 4806 B.
879 4759 907 4806 1.
924 4741 1020 4808 MSS.
1038 4745 1123 4826 Aegl.
1145 4745 1324 4830 1289-13.

487 4843 620 4925 XXX]
638 4841 701 4908 Vct.
718 4847 784 4910 Cat.
801 4845 853 4912 M.
869 4869 901 4934 9.
918 4849 1015 4916 MSS.
1033 4851 1119 4934 Angl.
1140 4871 1340 4937 1421-144.

487 4953 535 5034 1.]
553 4953 622 5022 Vide
637 4949 807 5020 CCCXV.
825 4975 856 5044 ς.

484 5059 633 5142 ΧΧΧΙ.]
650 5061 713 5129 Vct.
729 5063 798 5128 Cet.
814 5064 866 5130 M.
888 5083 936 5132 ιο.
955 5065 1049 5134 MSS.
1070 5067 1155 5151 Aegl.
1178 5065 1381 5156 ηας-148.

484 5165 632 5251 XXXI.]
647 5167 716 5238 thc
730 5167 803 5237 LV.
822 5170 944 5240 LVIII.
961 5173 1155 5244 LXXXIX.
1172 5175 1296 5242 CCIV.
