5036 6264
420 743 428 760 ’
508 783 602 852 122
895 725 922 839 ἰ
1217 751 1351 851 CXI.

653 930 761 1021 fideli
788 929 995 1018 decurioni
1022 929 1190 1023 nomine
1215 931 1386 1046 AElffigo
1414 959 1490 1053 per
1512 935 1748 1050 Eadgarum
1774 965 1909 1056 regem
1933 945 2053 1033 Ae.

639 1056 734 1163 963,
755 1073 799 1165 p.
818 1053 883 1140 81.

555 1203 621 1288 31.
651 1177 832 1261 Donatio
852 1177 911 1260 bis
930 1193 1221 1288 quaternarum
1242 1192 1387 1291 prater
1401 1174 1591 1264 semissem
1612 1179 1983 1270 mansiuncularum
2005 1185 2050 1272 in

586 1377 589 1384 .
650 1301 826 1382 stantun
851 1297 1022 1408 AEscwig
1051 1297 1188 1380 abbati
1216 1301 1267 1380 ad
1295 1297 1495 1382 ecclesiam
1523 1303 1561 1380 S.
1577 1300 1685 1386 Petri
1715 1301 1760 1392 in
1787 1303 1886 1388 urbe
1909 1305 2049 1390 Achu·

650 1419 829 1502 manensi
848 1447 919 1531 per
938 1421 1169 1528 Eadgarum
1190 1444 1323 1528 regem
1341 1423 1394 1502 A.
1410 1422 1458 1502 C.
1479 1419 1531 1526 96
1537 1445 1575 1528 5,
1601 1439 1643 1530 p.
1663 1421 1730 1530 83.

555 1565 621 1649 32.
650 1539 833 1622 Donatio
858 1543 995 1624 decem
1025 1540 1396 1624 mansiuncularum
1426 1539 1469 1626 in
1489 1542 1719 1628 Corsantun
1740 1547 1829 1628 Deo
1851 1563 1890 1628 et
1918 1550 1957 1631 S.
1974 1551 2055 1632 Pe-

614 1741 619 1762 „
649 1679 714 1742 tro
743 1659 786 1742 in
818 1659 977 1744 civitate
1003 1659 1262 1772 Aquamania
1290 1688 1360 1774 per
1389 1663 1620 1772 Eadgarum
1650 1690 1786 1774 regem
1811 1669 1862 1748 A.
1879 1669 1926 1751 C.
1951 1695 2052 1777 972,

552 1928 618 2010 33.
648 1900 840 1986 Venditio
862 1926 889 1984 x
913 1901 1149 1985 cassatorum
1169 1921 1227 1984 πε
1244 1899 1429 1984 Cliftune
1458 1903 1626 1988 ecclefiae
1648 1909 1688 1986 S.
1703 1903 1810 1988 Petri
1829 1929 1885 1986 ευ
1901 1904 2049 1990 hatum

648 2021 824 2104 Bathum
856 2048 927 2132 per
950 2022 1181 2130 Eadgarum
1207 2045 1356 2128 regem,
1377 2021 1575 2132 AEcswigo
1604 2026 1747 2106 abbate
1767 2041 1807 2106 et
1836 2025 2050 2111 monachis

645 2140 729 2250 regi
755 2141 946 2226 dantibus
971 2139 1106 2222 cauri
1133 2137 1340 2224 mancusas
1362 2167 1406 2224 ac
1428 2163 1455 2222 x
1478 2159 1589 2224 terra
1608 2142 1764 2225 mansas
1792 2141 1836 2226 in
1856 2143 2046 2229 Cumtun

646 2265 697 2340 A.
715 2261 768 2342 D.
790 2287 885 2370 970,
909 2277 951 2368 p.
971 2257 994 2338 8
999 2285 1036 2367 ς.

550 2403 615 2488 34.
644 2380 827 2464 Donatio
848 2379 972 2460 trium
1004 2376 1232 2462 mansarum
1264 2395 1385 2488 atque
1409 2375 1586 2462 dimidia
1605 2401 1661 2462 ετ.
1678 2377 1958 2464 Welfwestoce
1977 2409 2046 2466 ec·-

643 2497 766 2580 clesiae
786 2502 824 2580 8.
840 2497 948 2580 Petri
969 2497 1010 2578 in
1032 2497 1231 2580 Bathonia
1251 2527 1320 2608 per
1339 2499 1619 2582 AEthelredum
1637 2527 1785 2610 regem,
1810 2511 1851 2602 p.
1868 2498 1936 2606 87.

545 2649 565 2727 3
576 2645 611 2728 5.
640 2613 948 2700 Testamentum
971 2616 1177 2712 Wulfarii,
1198 2617 1404 2713 Saxonice,
1428 2635 1470 2726 p.
1490 2618 1554 2698 88.

547 2745 612 2850 36.
643 2739 824 2824 Donatio
840 2757 1037 2822 terrarum
1055 2737 1099 2820 in
1118 2739 1253 2836 AErpica
1269 2737 1492 2838 Wlswoldo
1509 2737 1643 2824 abbati
1659 2767 1729 2850 per
1747 2739 2045 2827 Eadweardum

639 2885 773 2968 regem
795 2864 845 2940 A.
861 2863 909 2940 C.
936 2861 1054 2954 1061,
1077 2875 1119 2968 p.
1138 2889 1203 2966 90.

546 3005 612 3091 37.
640 2978 823 3071 ¹Donatio
844 2981 1061 3060 earundem
1084 2997 1283 3062 terrarum
1307 2978 1549 3062 monasterio
1568 2977 1813 3064 Bathonensi
1837 3009 1909 3094 per
1939 3010 2046 3068 eun·

639 3100 731 3180 dem
753 3098 1035 3194 Wlswoldum,
1058 3098 1263 3195 saxonice,
1286 3116 1328 3209 p.
1347 3126 1415 3207 92.

544 3219 611 3328 38.
640 3223 703 3302 De
723 3219 836 3301 terris
858 3219 996 3300 Bathae
1015 3217 1325 3327 pertinentibus,
1349 3236 1391 3326 p.
1411 3245 1479 3327 93.

520 3407 524 3416 .
543 3371 608 3452 39.
637 3339 819 3423 Donatio
838 3357 1036 3420 terrarum
1056 3338 1100 3418 in
1122 3339 1399 3420 Cheolcumba
1420 3337 1661 3423 monasterio
1682 3343 1722 3423 S.
1736 3335 1843 3422 Petri
1862 3342 2043 3426 Bathon.

635 3487 705 3570 per
726 3459 980 3540 Willelmum
1001 3484 1148 3566 regem,
1172 3457 1376 3552 saxonice,
1399 3477 1442 3568 p.
1460 3485 1529 3565 94.
1559 3512 1567 3528 .

540 3610 608 3688 40.
637 3578 907 3664 Confirmatio
927 3577 1100 3686 ejusdem
1121 3579 1352 3662 donationis
1372 3608 1442 3691 per
1461 3581 1633 3663 eundem
1653 3608 1805 3690 regem,
1829 3581 2039 3678 Saxonice,

636 3699 725 3782 ibid.

538 3847 608 3928 41.
641 3821 951 3931 cyrographum
969 3817 1074 3900 inter
1090 3834 1336 3904 conventum
1353 3819 1490 3902 Bathae
1509 3837 1549 3902 et
1565 3819 1821 3904 Willeimum
1841 3817 1967 3902 Hoset
1986 3818 2040 3900 de

636 3941 939 4036 Ceorlecumba‚
961 3957 1004 4048 p.
1023 3965 1090 4048 95.

635 4067 682 4148 In
701 4059 840 4145 chartis
854 4059 1125 4168 precedentibus
1138 4059 1324 4166 divistnnes
1338 4077 1532 4142 terrarum
1542 4063 1596 4156 (pa
1610 4058 1690 4137 lane
1705 4060 1882 4166 gemaena)
1889 4057 2039 4168 simper
2116 4171 2117 4176 Ν
2283 4165 2289 4178 ι

636 4199 862 4262 annotantur
880 4180 1069 4262 Saxonice.

535 4323 604 4405 42.
634 4301 816 4384 Donatio
836 4297 1002 4381 ecclefiae
1031 4302 1068 4380 S.
1087 4295 1253 4406 Georgii
1271 4297 1320 4378 de
1339 4295 1588 4380 Dunestorra
1606 4315 1646 4378 et
1671 4295 1835 4378 decimae
1856 4293 2033 4401 ejusdem

525 4507 535 4520 ,
635 4421 751 4516 villae,
782 4439 820 4502 et
841 4418 967 4500 totius
988 4416 1092 4498 villae
1115 4416 1286 4500 Alcuine
1306 4443 1401 4508 cum
1431 4415 1703 4524 pertinentiis,
1727 4415 1871 4498 scilieet
1898 4445 1911 4496 1
1937 4414 2036 4494 hida

480 4616 481 4620 .
635 4559 758 4636 terra,
789 4557 828 4621 et
855 4535 1032 4619 dimidiae
1061 4537 1185 4646 partis
1205 4535 1369 4618 decimae
1397 4537 1445 4616 de
1465 4537 1720 4632 Manehease,
1749 4557 1788 4617 et
1809 4535 1935 4618 totius
1961 4537 2031 4613 de·

634 4659 748 4742 cimae
767 4657 1061 4752 de'Bsadunde,
1091 4673 1131 4738 et
1150 4655 1282 4738 omnis
1303 4653 1467 4736 decimae
1490 4657 1539 4736 de
1557 4657 1790 4738 Carentuna
1810 4652 1880 4732 fibi
1906 4651 2033 4760 perti·

610 4779 776 4877 ¹nentis,
805 4796 851 4888 et,
864 4775 991 4858 totius
1020 4775 1185 4856 decimae
1213 4777 1262 4856 de
1283 4773 1515 4870 Niwetuna,
1545 4791 1586 4855 et
1603 4771 1779 4854 dimidiae
1797 4771 1960 4850 decimae
1980 4773 2035 4850 de·

525 4883 529 4893 ’
554 4885 556 4888 ’
632 4896 848 4993 Brunfield,
870 4914 910 4978 et
929 4892 1054 4976 totius
1074 4893 1237 4974 decimae
1258 4895 1307 4974 de
1326 4893 1579 4990 Stokelande,
1601 4909 1641 4972 et
1660 4888 1785 4971 totius
1807 4889 2029 4971 de‘Kilves-

629 5035 741 5115 tune,
776 5035 815 5098 et
848 5017 1024 5100 duorum
1055 5011 1376 5124 piscatoriorum,
1409 5031 1449 5096 et
1482 5009 1608 5094 totius
1638 5007 1800 5092 decimae
1831 5033 2028 5208 eqsuarum

1885 5151 2033 5208 uamm
