4994 6264
986 774 1371 876 CCCCLXXII.
1881 815 1979 910 423

489 989 549 1044 10.
581 957 702 1042 Liber
720 959 901 1044 Platonis
931 958 1003 1071 qui
1031 959 1181 1044 dicitur
1206 958 1396 1074 apologia
1414 959 1587 1047 Socratis
1615 987 1666 1050 ex
1683 961 1860 1050 vernone
1878 965 1985 1052 Leo·

584 1079 700 1164 nardi
720 1079 902 1164 Arieteni
923 1107 1018 1164 cum
1039 1083 1211 1194 prologo
1230 1081 1419 1189 ejusdem,
1446 1099 1484 1192 p.
1497 1111 1596 1191 491.

493 1231 555 1286 11.
583 1200 763 1284 Platonis
784 1202 899 1284 Crito
928 1203 990 1283 vel
1018 1203 1066 1282 de
1089 1229 1138 1284 eo
1166 1203 1278 1312 quod
1308 1205 1511 1310 agendum
1532 1203 1589 1286 est
1615 1229 1664 1286 ex
1681 1203 1858 1288 versione
1877 1205 1986 1288 Leo·

582 1323 698 1407 nardi
717 1321 899 1406 Arieteni
919 1349 1012 1406 cum
1034 1341 1277 1434 argumento
1297 1311 1485 1428 ejusdem,
1510 1341 1553 1433 p.
1569 1322 1664 1434 538.

945 1528 1465 1646 CCCCLXXIll.

483 1690 602 1774 Codex
620 1685 908 1773 membranaceus
926 1689 1226 1800 minorissorntae
1243 1707 1331 1772 ante
1348 1689 1633 1801 conquisttionem
1642 1685 1982 1797 Anglieescriptus,

428 1815 471 1898 in
489 1843 555 1924 quo
573 1814 817 1906 continentur,

484 1929 642 2045 Hymni
665 1929 765 2038 [five
783 1929 972 2038 utseepius
990 1928 1032 2010 in
1051 1927 1114 2011 hoc
1131 1926 1247 2010 codice
1266 1930 1503 2012 nominantur
1521 1926 1670 2038 Tropi]
1690 1925 1830 2010 diebus
1848 1920 1981 2009 domi-

430 2055 530 2141 nicis
551 2073 591 2138 et
609 2049 717 2134 lestis
738 2044 844 2134 inter
860 2050 968 2132 sacra
986 2048 1221 2131 celebranda
1239 2047 1434 2132 recitandi
1453 2077 1546 2134 curn
1569 2049 1677 2135 notis
1696 2047 1870 2134 muficis.

944 2261 1464 2378 CCCCLXXIV.

486 2424 603 2506 Codex
620 2422 909 2531 membranaceus
927 2421 969 2502 in
989 2419 1043 2502 8¹⁹
1055 2421 1203 2518 minori,
1210 2421 1332 2530 seculo
1345 2423 1416 2503 xiv
1421 2423 1602 2536 scriptus,
1624 2424 1665 2504 in
1679 2449 1746 2532 qno
1763 2421 1984 2517 continetur,

485 2541 720 2656 Raymundi
740 2538 807 2650 [de
826 2536 1103 2648 Panna-forti]
1124 2538 1282 2623 summa
1300 2542 1352 2624 de
1367 2541 1519 2626 casibus
1539 2539 1884 2654 penitentialibus.

962 2752 1454 2874 CCCCLXXV.

487 2915 604 3000 Codex
619 2914 906 2998 membranaceus
925 2912 967 2994 in
982 2911 1035 2992 8'⁰
1047 2915 1196 3012 minori,
1203 2915 1324 3024 seculo
1338 2915 1602 3027 xiiiscrtiotun
1623 2914 1664 2996 in
1683 2941 1750 3024 quo
1763 2914 1982 3011 continetur,

486 3041 630 3119 Unum
650 3063 699 3117 ex
717 3053 895 3146 quatuor
913 3032 988 3118 five
1007 3033 1294 3120 concordantia
1311 3035 1611 3144 evangeliorum
1628 3035 1842 3118 Ammonii
1858 3037 1982 3118 Alen-

433 3156 593 3242 andrini
612 3183 706 3237 cum
727 3153 953 3266 prefatione
973 3154 1180 3238 Zacharia
1200 3153 1539 3266 chrysopolitani.

489 3276 555 3387 Est
578 3275 751 3357 continuo
775 3273 939 3385 quaedam
967 3273 1119 3372 historia
1136 3304 1181 3356 ex
1198 3293 1355 3385 quatuor
1372 3275 1574 3384 evangeliis
1591 3275 1787 3383 compilata
1805 3291 1842 3356 et
1859 3273 1986 3356 ordine

368 3457 375 3464 -
433 3397 597 3504 historico
608 3401 749 3504 postte.-
779 3393 970 3476 dividitur
992 3393 1034 3474 in
1063 3411 1220 3503 quatuor
1247 3393 1358 3475 libros
1382 3413 1417 3476 et
1441 3395 1607 3502 capitula
1629 3415 1828 3478 chxxt.
1884 3394 1985 3478 Idem

432 3519 478 3626 est
496 3535 579 3626 opus
597 3543 677 3599 crem
696 3513 813 3596 codice
835 3535 896 3594 xx
907 3535 996 3610 vll,
1016 3513 1086 3621 nist
1102 3513 1197 3624 qnod
1211 3513 1272 3596 hic
1289 3513 1512 3618 defideratur
1530 3514 1694 3624 expofitio
1713 3515 1900 3597 continua.

944 3721 1464 3838 CCCCLXXVI.

488 3883 605 3969 Codex
620 3881 907 3964 membranaceus
922 3879 964 3962 in
980 3879 1032 3960 8'⁰
1044 3878 1192 3975 minori,
1199 3879 1318 3987 seculo
1330 3879 1584 3989 xivseriptus,
1603 3879 1645 3962 in
1659 3911 1726 3993 quo
1740 3884 1984 3984 continentur,

494 4033 528 4086 1.
556 4000 782 4112 Prophetiae
802 3997 971 4082 Merlini
989 4026 1084 4082 cum
1104 3997 1411 4097 commentario,
1432 4017 1475 4082 ut
1493 4002 1659 4099 videtur,
1682 4001 1892 4086 Caradoci.

555 4124 687 4230 Meej'or
707 4138 802 4231 porr
828 4121 965 4202 herone
980 4119 1264 4230 prophetiarum
1278 4136 1383 4201 caret
1401 4119 1657 4204 commentario
1675 4137 1712 4202 et
1725 4119 1863 4232 saltem
1883 4151 1982 4232 gox-

555 4245 640 4328 dee
655 4241 765 4354 gloffa
783 4241 1033 4324 interlineari.

1824 4391 1860 4450 a„
1891 4369 1983 4452 An·

491 4667 789 4750 CCCCLXXlIl.]
805 4667 869 4735 Vet.
886 4672 958 4734 Cet.
969 4667 1015 4734 N.
1029 4669 1080 4755 38.
1097 4669 1195 4736 MSS.
1209 4668 1293 4750 Aegl.
1314 4664 1516 4752 ¹4⁶9·²0²·

488 4773 789 4856 CCCCLXXIV.]
807 4775 870 4842 Ver.
887 4778 953 4842 Cot.
971 4773 1016 4839 N.
1035 4795 1085 4859 37.
1103 4775 1199 4854 MSS.
1212 4773 1297 4856 Angl.
1317 4771 1509 4855 1468··2or.

488 4877 786 4960 CCCCLXXIV.]
802 4877 873 4946 Vide
886 4876 1089 4944 CCXLVll.
1106 4876 1299 4944 CXXXVI.
1319 4897 1348 4942 r.

489 4981 771 5064 CCCCLXXV.]
788 4981 850 5048 Vct.
868 4984 933 5050 Cot.
950 4981 1002 5048 M.
1024 5003 1073 5070 15.
1092 4981 1190 5050 MSS.
1203 4981 1290 5066 Angl.
1311 4999 1514 5070 1430-153.

489 5085 776 5170 CCCCLXXV.]
793 5089 863 5158 Vide
876 5087 1018 5154 XXVII.
1137 5151 1140 5158 ,
1522 5169 1526 5178 ¹

487 5187 790 5274 CCCCLXXVI.]
808 5189 872 5262 Vet.
889 5192 955 5260 Cet.
972 5189 1048 5262 suo.
1066 5189 1111 5258 D.
1127 5211 1159 5280 7.
1175 5188 1272 5262 MSS.
1286 5191 1371 5276 Angl.
1390 5191 1583 5284 1632u365.
