5036 6264
1129 782 1260 875 cxl.
1297 752 1301 760 ’
1905 813 1994 878 121

518 967 582 1052 16.
610 961 792 1050 Donatio
818 983 844 1044 c
866 927 1121 1044 manehtium
1147 959 1299 1044 civitati
1325 959 1499 1044 Bathon.
1527 959 1796 1064 adjacentium
1824 963 2005 1044 Bretanae
2083 1001 2085 1004 ·
2214 1043 2217 1050 ,

610 1084 811 1170 abbatiffae
835 1085 885 1166 ad
904 1081 1219 1169 construendum
1245 1080 1530 1163 monasterium
1552 1081 1779 1164 sanetarum
1799 1082 2005 1194 virginum

608 1234 681 1316 per
699 1205 883 1286 Osricum
902 1228 1035 1310 regem
1057 1207 1108 1282 A.
1124 1205 1177 1282 D.
1200 1202 1294 1310 676.

518 1353 582 1436 17.
611 1324 792 1409 Donatio
813 1346 876 1406 xx
900 1321 1153 1406 manentium
1177 1321 1292 1428 juxta
1316 1322 1471 1404 flumen
1491 1322 1667 1403 Cervelle
1687 1323 1907 1432 Bernguidi
1933 1325 2005 1406 ab·

611 1444 758 1528 batissae
774 1462 814 1526 et
827 1439 1045 1552 Folcburgi
1063 1459 1103 1523 et
1121 1440 1361 1523 monasterio
1375 1439 1445 1522 suo
1464 1469 1534 1550 per
1548 1441 1868 1540 AEthelmodum‚
1883 1463 1925 1553 p.
1939 1448 2005 1528 60.

519 1567 581 1652 18.
611 1566 790 1649 Donatio
811 1587 839 1646 x
863 1561 1094 1644 mansarum
1122 1560 1165 1643 in
1186 1561 1345 1643 Pristun
1374 1580 1413 1641 et
1445 1583 1474 1642 v
1497 1560 1540 1642 in
1561 1561 1732 1644 AEsfiun
1764 1565 2005 1648 monasterio

614 1693 650 1770 S.
667 1663 773 1768 Petri
793 1709 849 1764 aev
866 1683 1009 1761 Ba’sum
1029 1711 1101 1794 per
1120 1682 1403 1764 Athelstanum
1424 1709 1556 1790 regem
1580 1688 1630 1764 A.
1646 1687 1698 1764 D.
1722 1711 1815 1792 931,
1838 1701 1880 1792 p.
1897 1687 1964 1768 61.

521 1839 583 1917 19.
612 1804 794 1890 Donatio
825 1826 853 1885 x
887 1801 1115 1885 mansarum
1143 1827 1198 1880 aev
1223 1802 1460 1884 corsantunc
1490 1801 1649 1885 cuidam
1685 1803 1791 1886 fideli
1824 1806 2006 1889 ministro

611 1923 788 2008 vocitato
808 1921 1076 2003 AEthelnotho
1094 1947 1162 2027 per
1181 1921 1446 2000 Edmundum
1467 1947 1600 2026 regem
1620 1925 1742 2004 A.D.
1763 1953 1857 2031 941,
1879 1945 1922 2035 p.
1940 1927 2007 2010 66.

516 2073 582 2129 20.
611 2039 793 2126 Donatio
815 2063 844 2121 v
869 2035 1098 2120 mansarum
1117 2059 1173 2117 πι-
1191 2038 1385 2119 Westune
1406 2036 1564 2120 cuidam
1587 2037 1693 2123 fideli
1724 2043 2007 2130 ministram·

611 2161 721 2244 mine
740 2159 940 2242 AEthelere
960 2185 1030 2268 per
1050 2157 1315 2240 Edmundum
1336 2185 1469 2265 regem
1490 2160 1540 2240 A.
1556 2161 1610 2240 D.
1633 2163 1726 2266 946,
1750 2181 1792 2272 p.
1809 2163 1876 2272 67.

515 2313 580 2368 21.
610 2281 791 2364 Donatio
813 2302 840 2360 x
865 2276 1093 2360 mansarum
1115 2301 1172 2355 aet
1190 2277 1427 2360 corsantune
1444 2279 1603 2360 cuidam
1624 2279 1731 2362 fideli
1750 2282 1911 2364 feminae
1931 2313 2007 2368 no-

614 2401 722 2483 mine
743 2398 969 2508 AElfswydae
986 2425 1058 2506 per
1076 2399 1315 2506 Eadwigum
1336 2425 1470 2506 regem
1490 2405 1539 2480 A.
1557 2404 1610 2480 D.
1632 2429 1655 2507 9
1662 2405 1726 2509 56,
1748 2421 1790 2510 p.
1810 2428 1877 2510 70.

517 2551 582 2607 22.
611 2516 801 2602 Redditio
829 2538 857 2596 v
887 2515 1115 2597 mansarum
1139 2541 1195 2598 aet
1221 2517 1420 2598 alvestunc
1449 2537 1488 2599 et
1518 2517 1687 2600 aliarum
1718 2545 1746 2601 v
1768 2545 1823 2601 aec
1841 2524 2008 2621 AEstune

612 2664 711 2748 quas
733 2633 1004 2716 AEthelstanus
1037 2661 1102 2716 rex
1131 2637 1333 2716 obtulerat
1361 2635 1527 2716 ecclefiae
1553 2639 1596 2717 B.
1614 2637 1720 2719 Petri
1750 2637 1789 2719 in
1813 2642 2006 2730 Bathonis
2057 2735 2060 2744 ¹

611 2755 770 2838 civitate
808 2779 938 2864 nuper
975 2753 1187 2864 tyrannide
1209 2753 1516 2852 ,abstraDarum
1556 2783 1628 2866 per
1665 2759 1904 2868 Eadwigum
1946 2791 2006 2845 re-

641 2903 718 2970 em,
774 2935 782 2956 .
835 2901 867 2954 1.

518 3025 584 3108 ²3·
612 2893 843 3078 {onvgxgo
884 2991 989 3074 inter
1026 2989 1260 3098 stigandum
1302 2991 1641 3104 archiepiscopum
1683 3016 1722 3077 et
1760 3021 2005 3086 conventum

613 3113 752 3196 Bathae
771 3113 819 3191 de
839 3107 1060 3192 dimiffione
1082 3131 1178 3191 xxx
1202 3109 1387 3193 hidarum
1410 3131 1522 3194 terrae
1543 3137 1597 3193 22
1615 3117 1863 3210 2926226222,
1883 3125 2007 3205 saxo.

614 3261 716 3327 mee,
772 3255 863 3338 .72.

519 3383 583 3461 24·
616 3249 831 3436 Restitfitio
850 3373 878 3431 v
895 3349 1082 3432 hidarum
1102 3370 1159 3428 aev
1173 3349 1366 3432 Westune
1387 3347 1553 3430 ecelefiae
1573 3355 1610 3432 8.
1623 3351 1729 3434 Petri
1748 3353 1791 3436 in
1807 3357 2007 3443 Bathonia

614 3500 684 3584 per
703 3498 834 3579 regem
857 3469 1094 3579 Eadwigum
1120 3475 1166 3550 A.
1183 3475 1236 3552 D.
1260 3473 1354 3578 961,
1380 3489 1418 3578 p.
1435 3498 1501 3578 73.
1628 3483 1644 3512 ⁰

520 3621 585 3704 25.
615 3591 796 3674 Donatio
825 3611 852 3670 v
876 3590 1102 3672 mansarum
1124 3590 1311 3669 Hamtun
1334 3589 1499 3671 nomine
1521 3587 1680 3671 cuidam
1704 3590 2007 3682 familiariffimo

614 3709 780 3792 nomine
800 3709 992 3790 Hethelm
1015 3734 1086 3816 per
1104 3707 1342 3814 Eadwigum
1364 3737 1494 3816 regem
1516 3714 1565 3790 A.
1584 3713 1636 3790 D.
1658 3739 1682 3817 9
1688 3721 1751 3817 50,
1775 3732 1818 3821 p.
1835 3743 1900 3822 74.

518 3834 584 3914 26.
614 3827 795 3912 Donatio
818 3849 844 3908 x
870 3825 1096 3908 mansarum
1118 3849 1173 3906 a‘v
1191 3825 1306 3907 forda
1332 3825 1541 3907 coenobitis
1571 3829 1646 3908 deo
1675 3830 1931 3917 servientibus
1961 3837 2005 3921 in

614 3943 855 4029 monasterio
883 3949 921 4028 S.
938 3943 1044 4028 Petri
1073 3944 1115 4026 in
1143 3942 1343 4028 Bathonia
1365 3973 1442 4058 ‚per
1458 3946 1698 4055 Eadwigum
1728 3977 1860 4060 regem
1882 3962 1932 4038 A.
1950 3961 2003 4043 D.

518 4214 584 4298 27.
612 4093 792 4266 D07natio
817 4207 844 4265 v
863 4181 1116 4266 manfionum
1137 4183 1179 4266 in
1196 4184 1415 4269 Northstoc
1433 4185 1624 4270 fratribus
1643 4186 1686 4270 in
1707 4193 1947 4278 monasterio
1965 4201 2003 4278 S.

613 4301 720 4385 Petri
740 4303 912 4384 Bathon.
932 4331 1003 4414 per
1023 4303 1248 4414 Cynulfum
1271 4333 1402 4414 regem
1424 4311 1472 4389 A.
1492 4311 1545 4388 D.
1571 4308 1662 4390 808.
1686 4325 1729 4416 p‘.
1748 4337 1815 4420 77.

517 4423 583 4508 28.
611 4420 830 4504 Restitutio
851 4443 880 4502 v
905 4423 1133 4505 mansarum
1159 4423 1202 4505 in
1222 4425 1460 4508 Tottanstoc
1485 4429 1651 4511 ecclefiae
1672 4433 1709 4511 8.
1727 4431 1833 4516 Petri
1862 4431 1904 4516 in
1924 4438 2001 4519 Ba-

613 4540 754 4624 tho'nia
774 4569 843 4651 per
862 4544 1091 4652 Eadgarum
1113 4572 1246 4652 regem
1270 4551 1317 4626 A.
1337 4549 1387 4628 D.
1410 4549 1502 4655 961,
1525 4567 1565 4656 p.
1585 4549 1651 4656 78.

519 4691 584 4772 29.
615 4660 796 4744 Donatio
825 4661 944 4744 unius
968 4662 1076 4743 caffae
1102 4685 1157 4742 aev
1179 4665 1437 4775 Geofanstige
1461 4667 1618 4751 cuidam
1650 4667 1756 4753 fideli
1785 4699 1830 4754 ac
1857 4675 2005 4758 devoto

612 4779 794 4863 ministro
831 4779 997 4864 nomine
1034 4782 1302 4866 AEthelwoldo
1340 4813 1412 4896 per
1450 4789 1681 4896 Eadgarum
1719 4818 1851 4900 regem
1879 4799 1932 4878 A.
1953 4799 2002 4880 C.

615 4904 856 5012 961,p.79.

519 5043 584 5128 30.
613 5021 794 5106 Donatio
806 5024 977 5107 duarum
995 5021 1222 5107 mansarum
1241 5041 1361 5136 atque
1376 5027 1550 5112 dimidiae
1563 5031 1826 5114 aevStantune
1840 5032 2002 5116 cuidam

1169 5151 1248 5256 Q
1896 5151 2004 5236 fideli
