4980 6264
503 791 567 880 24
1166 757 1423 852 XXXVH.

552 968 617 1052 2'4.
649 951 722 1030 Les
741 947 967 1030 conditions
988 950 1052 1026 sur
1071 946 1106 1026 le
1125 945 1265 1026 rendre
1281 945 1331 1026 de
1350 945 1389 1026 la
1407 941 1499 1024 ville
1517 943 1564 1026 de
1584 947 1771 1056 Berewyk
1798 979 1841 1060 ¹3
1850 981 1869 1060 3
1879 981 1916 1060 3.

553 1101 575 1152 2
583 1099 619 1177 5.
650 1076 712 1152 De
731 1069 892 1152 servitiis
912 1086 952 1150 et
971 1066 1188 1150 redditibus
1208 1065 1308 1174 regis
1329 1066 1373 1148 in
1392 1066 1602 1164 Hibernia,
1626 1075 1676 1150 A.
1694 1074 1747 1152 D.
1772 1100 1815 1178 13
1830 1101 1888 1180 ¹7·

553 1197 618 1274 26.
648 1197 709 1274 La
738 1191 868 1274 forme
897 1191 961 1272 del
990 1207 1097 1270 treve
1127 1188 1226 1300 prise
1250 1205 1362 1270 entre
1387 1187 1457 1270 stre
1483 1191 1654 1272 Edward
1677 1217 1750 1301 roy
1774 1195 2045 1302 ‹I'Englcterre

652 1315 710 1423 [et
728 1315 764 1396 le
781 1313 843 1396 roi
861 1313 909 1394 de
928 1317 961 1394 F
964 1313 1113 1418 sance]

500 1499 515 1538 ‚v
553 1465 618 1547 27.
649 1443 711 1519 De
730 1435 973 1547 ponderibus
995 1452 1034 1515 et
1053 1431 1246 1516 mensuris
1265 1459 1400 1515 rerum
1418 1431 1659 1518 diversarum
1678 1435 1723 1518 in
1743 1437 1904 1546 Anglia.

552 1561 617 1654 28.
648 1561 799 1642 Modus
820 1555 1074 1641 mensurandi
1092 1573 1252 1636 terram.

552 1710 617 1790 29.
648 1686 705 1763 Le
723 1679 825 1762 artai
844 1697 884 1760 et
907 1677 1116 1759 l’allemble
1134 1678 1201 1759 des
1222 1703 1319 1786 gens
1338 1675 1534 1774 d'Escoce,
1559 1677 1631 1788 qui
1648 1676 1835 1763 vindrent
1853 1707 1877 1763 a
1897 1682 1936 1764 la
1954 1683 2043 1764 bat-

647 1801 1039 1911 tmbmssmmm.

1086 2009 1459 2128 XXXVIII.

546 2180 660 2264 Codex
696 2180 978 2262 membranaceus
1014 2178 1055 2259 in
1076 2177 1187 2288 solio,
1209 2175 1326 2288 ficeclo
1357 2177 1427 2256 xiv
1460 2193 1643 2274 exaratus,
1677 2175 1778 2285 cuj'm
1803 2179 1926 2286 primo
1946 2181 2043 2290 solio
2215 2179 2220 2188 ’

491 2306 531 2386 r'n
545 2302 717 2402 nititur,

518 2305 574 2471 s“
598 2425 759 2506 Tabula
777 2423 892 2536 super
917 2424 1071 2506 decreta
1089 2439 1130 2504 et
1148 2421 1263 2532 super
1287 2420 1495 2504 decretales
1520 2445 1615 2502 cum
1639 2418 1791 2502 casibus
1817 2419 2040 2506 summariis

492 2560 520 2594 “
540 2545 721 2658 quinque
739 2547 935 2630 librorum
954 2544 1211 2628 decretalium
1229 2561 1269 2627 et
1287 2541 1384 2626 serti
1401 2560 1441 2624 et
1460 2540 1615 2653 septimi
1633 2569 1729 2626 cum
1753 2543 1840 2626 aliis
1859 2529 2041 2628 tradati-

492 2670 616 2752 “bus
641 2667 882 2767 necessariis,
911 2697 1017 2782 quam
1040 2669 1233 2780 acquiſsuit
1255 2666 1400 2770 ecclefiae
1416 2666 1544 2777 sandi
1561 2665 1761 2774 Augustini
1784 2669 1891 2748 Cant.
1908 2669 2043 2778 frater

491 2803 518 2840 “
538 2797 567 2875 Ι
578 2793 767 2889 Mankael,
785 2794 884 2902 cujus
902 2793 1037 2874 animcc
1046 2791 1275 2902 propicietur
1292 2791 1409 2874 Deus.
1438 2789 1594 2870 Amen.”

430 2920 434 2942 '
544 2919 591 2998 In
608 2944 645 2994 eo
662 2932 780 2995 autem
800 2916 1027 3022 continentur
1043 2916 1223 2993 tractatus
1241 2912 1347 3018 irffra
1358 2909 1512 3018 scrt'pti,

552 3065 586 3118 1.
617 3035 778 3116 Tabula
796 3033 910 3146 super
930 3030 1159 3116 Innocentis
1182 3029 1324 3140 [opus]
1346 3053 1437 3137 quae
1454 3045 1622 3112 vocatur
1639 3030 1874 3140 Margarita,
1891 3033 1965 3142 fol.
1988 3059 2025 3116 2.

546 3185 585 3240 2.
616 3156 738 3240 Casus
753 3153 959 3238 summarii
977 3153 1157 3265 quinque
1175 3152 1372 3234 librorum
1388 3149 1644 3234 decretalium
1663 3170 1703 3234 et
1718 3152 1814 3236 sexti
1831 3171 1870 3235 et
1884 3153 2040 3266 septimi

614 3278 740 3390 usque
756 3279 805 3361 de
824 3277 1069 3388 regularibus
1090 3295 1129 3356 et
1148 3271 1444 3396 transeuntibus
1463 3275 1512 3356 ad
1531 3273 1776 3383 religionem,
1794 3277 1868 3385 fol.
1891 3305 1930 3384 9.

547 3434 585 3514 3.
616 3401 738 3484 Casus
756 3401 854 3509 juris
875 3401 919 3484 in
939 3398 1087 3509 quibus
1107 3396 1250 3506 aliquis
1267 3395 1471 3478 contrahit
1488 3394 1712 3512 infamiam,
1728 3398 1804 3508 sol.
1827 3397 1895 3502 48.

492 3593 498 3606 .
544 3556 585 3632 4.
615 3521 738 3607 Casus
769 3523 868 3629 juris
902 3521 947 3605 in
979 3515 1126 3630 quibus
1157 3517 1300 3630 aliquis
1330 3519 1386 3601 est
1417 3517 1501 3630 ipso
1532 3517 1619 3626 jure
1652 3517 2038 3619 excommunicatus,

602 3647 678 3756 fvl·
698 3674 767 3752 49·

549 3797 587 3877 5.
617 3765 739 3848 Casus
757 3764 855 3873 juris
874 3765 919 3848 in
937 3764 1085 3876 quibus
1106 3763 1250 3876 aliquis
1269 3763 1324 3848 est
1342 3761 1765 3862 excommunicandus,
1786 3761 1883 3846 ibid.

545 3893 585 3974 ό.
615 3887 737 3972 Casus
753 3887 851 3995 juris
870 3888 914 3972 in
932 3887 1086 3999 quibus.
1098 3887 1242 4000 aliquis
1261 3889 1315 3971 est
1334 3885 1419 3997 ipso
1438 3885 1524 4004 jure
1543 3884 1762 3997 suspensus,
1778 3887 1855 4000 fol.
1877 3913 1943 3996 51·

545 4041 586 4124 7.
615 4010 737 4095 Casus
757 4009 855 4118 juris
876 4011 920 4095 in
939 4011 1086 4122 quibus
1105 4010 1248 4122 aliquis
1268 4011 1323 4092 est
1343 4009 1648 4121 suspendendus.
1664 4010 1739 4119 sol.
1762 4037 1827 4117 52.

550 4135 587 4216 8.
619 4133 835 4218 Tradtatus
852 4136 899 4218 de
918 4133 1120 4218 sententiis
1138 4131 1566 4217 excommunicationis
1583 4130 1842 4242 suspensionis
1855 4149 1894 4212 et
1912 4129 2038 4215 inter·

616 4255 726 4354 dicti,
741 4259 816 4366 sol.
840 4285 905 4367 55.

547 4412 587 4490 9.
618 4377 834 4462 Trastatus
853 4381 901 4462 de
920 4381 1102 4464 mensura
1121 4377 1313 4490 temporis
1342 4377 1383 4460 in
1404 4377 1556 4487 agenda
1584 4372 1803 4486 penitentia
1823 4373 2039 4458 secundum

463 4506 466 4516 '
616 4529 801 4600 canones,
818 4505 891 4614 sol.
914 4532 979 4613 55.

554 4654 615 4708 ιο.
645 4623 860 4708 Tradtatus
880 4625 927 4706 de
944 4623 1157 4737 privilegiis
1177 4641 1217 4706 et
1234 4623 1444 4706 exceslrbus
1463 4621 1724 4732 prelatorum,
1739 4622 1814 4732 sol.
1834 4623 1900 4728 56.

554 4775 615 4830 rr.
645 4745 861 4832 Tradatus
881 4748 929 4830 de
947 4746 1301 4858 dispensationibus
1319 4745 1435 4858 super
1453 4743 1755 4853 irregularitate,
1772 4743 1846 4852 sol.
1871 4741 1949 4945 58(ἓ
1975 4864 1998 4947 s

1824 4890 1885 4945 12.
1951 4893 2038 4948 aus

793 5177 1008 5264 xxxvt11.]
1026 5179 1089 5251 Vct.
1109 5178 1175 5245 Cat.
1193 5175 1229 5242 P.
1249 5195 1298 5264 ¹7·
1318 5174 1413 5244 MSS.
1431 5175 1515 5260 Angl.
1537 5193 1736 5262 1521-254.
