4980 6264
474 759 545 850 44
1185 717 1364 822 LXIV.

521 909 678 998 Veritas
707 909 931 1023 theologia,
957 907 1027 999 lib.
1044 909 1114 1010 vii,
1142 925 1296 1015 autore,
1326 931 1369 998 ut
1395 914 1589 1002 annotavit
1614 918 1822 1020 neotericus,
1848 917 2008 1032 AEgidio

620 1031 911 1148 archiepiscopo
929 1030 1175 1120 Bituricensr.

1138 1185 1348 1361 uxv.

520 1401 635 1486 Codex
650 1401 933 1487 membranaceus
950 1401 1106 1514 infolio,
1111 1405 1231 1516 seculo
1247 1405 1310 1488 xii
1317 1403 1488 1518 scriptus,
1507 1407 1548 1491 in
1566 1435 1632 1522 pua
1649 1408 1887 1507 continentur,

521 1523 720 1608 Homoliae
744 1523 789 1606 in
806 1523 1022 1634 euangelia,
1046 1551 1138 1636 quae
1161 1524 1301 1611 diebus
1318 1525 1424 1612 iestis
1449 1530 1683 1638 legebantur
1705 1555 1729 1610 a
1750 1527 1935 1612 Paschate
1958 1527 2010 1612 ad

463 1643 709 1758 dominicam
723 1645 910 1730 ultimam
927 1645 1014 1760 post
1024 1647 1290 1760 pentecosten,
1306 1676 1328 1730 c
1342 1649 1445 1732 Beda
1458 1648 1666 1762 Gregorio,
1679 1647 1921 1761 Augustino,
1935 1654 2010 1736 &u

1127 1857 1359 1976 LXVI.

522 2019 637 2106 Cadere
652 2019 936 2105 membranaceus
952 2020 1106 2132 infolio,
1125 2021 1272 2134 dr'oerfis
1284 2021 1447 2106 manibus
1460 2041 1496 2105 et
1512 2023 1659 2136 ‹iverste
1664 2023 1797 2138 siculis
1815 2037 2010 2120 exaratum

463 2187 523 2212 ι·-
538 2145 580 2227 in
592 2145 721 2255 prima
737 2143 837 2252 cujus
845 2143 1083 2256 partesaculo
1099 2143 1327 2256 xiiisrrrpta
1345 2146 1582 2245 continentur,

527 2293 563 2350 1.
591 2269 733 2378 Imago
764 2264 908 2351 mundi
935 2279 1123 2348 contexta
1149 2291 1221 2377 per
1249 2263 1475 2350 Henricum
1505 2263 1746 2369 canopicum
1777 2263 1942 2350 ecclefiae
1972 2271 2011 2352 S.

590 2387 735 2473 Mariae
749 2385 919 2471 civitatis
934 2385 1165 2497 Mogontiae
1178 2387 1226 2469 de
1246 2413 1382 2472 rerum
1396 2387 1566 2486 naturis,
1584 2385 1903 2498 imperatoribus,
1924 2413 2014 2497 reg·
2072 2489 2079 2498 .

591 2511 669 2610 nis,
695 2507 869 2618 regibus,
895 2527 935 2591 et
958 2507 1231 2621 pontificibus,
1260 2508 1384 2624 usque
1409 2510 1459 2594 ad
1482 2507 1707 2595 Henricum
1731 2507 2014 2623 imperatorem

591 2629 724 2716 filium
744 2629 924 2730 Henrici,
943 2629 1012 2713 lib.
1029 2629 1071 2716 ii.

590 2756 696 2840 Huic
711 2755 810 2866 operi
819 2753 1033 2868 praefigitur
1048 2769 1180 2864 mappa
1195 2751 1333 2853 mundi,
1345 2772 1389 2865 p.
1410 2780 1448 2864 5.

525 2905 563 2962 2.
593 2877 792 2992 Qaedam
809 2902 857 2957 ex
878 2873 1010 2958 Plinio
1028 2874 1188 2986 aliisque
1206 2877 1255 2958 de
1273 2875 1534 2988 geographia.

527 3029 564 3110 3.
594 2995 772 3081 Historia
786 2996 835 3078 de
848 2993 1002 3106 origine
1016 2997 1243 3108 Anglorum
1260 3015 1299 3079 et
1317 2996 1366 3079 de
1380 2999 1510 3108 regnis
1525 3021 1664 3079 eorum
1680 2995 1731 3078 ab
1746 2995 1876 3078 Adam
1891 2995 2015 3108 usque

467 3123 518 3205 ad
548 3118 765 3203 secundum
795 3117 1018 3201 Henricum
1044 3116 1304 3231 imperatricis
1322 3115 1467 3216 filium,
1496 3115 1568 3230 qui
1596 3115 1776 3226 regnavit
1801 3115 1846 3199 in
1865 3118 2014 3228 Anglia

467 3240 557 3358 post
576 3239 692 3354 pium
709 3256 749 3324 et
768 3239 945 3323 nobilem
966 3267 1098 3352 regem
1116 3239 1378 3353 Stephanum,
1399 3257 1440 3322 et
1455 3242 1504 3322 de
1520 3237 1710 3322 omnibus
1725 3236 2014 3352 episcopatibus
2127 3343 2135 3358 Ι

468 3387 507 3452 et
526 3361 715 3476 episcopis
734 3365 859 3446 totius
880 3362 1038 3474 Angliae
1056 3361 1221 3476 pulchre
1239 3380 1279 3445 et
1299 3359 1494 3446 subtiliter
1510 3359 1741 3472 composita,
1754 3379 1797 3470 p.
1817 3363 1883 3470 67.

524 3493 589 3570 Ex
603 3485 749 3596 aduerfh
757 3488 894 3595 prima
901 3487 1054 3595 pagina
1066 3483 1112 3594 esi
1124 3483 1312 3570 delineatio
1325 3485 1586 3598 ratasortunce
1598 3483 1767 3566 coloribus
1780 3485 1988 3568 illuminata
2000 3523 2013 3584 ς

455 3610 627 3725 jiquitur
643 3607 769 3690 tabula
781 3608 1010 3717 genealogica
1028 3605 1076 3688 ab
1093 3607 1234 3689 Adama
1252 3603 1306 3688 ad
1317 3606 1461 3702 Wden,
1490 3607 1531 3688 in
1549 3636 1622 3719 qua
1638 3625 1893 3689 enumerantur
1903 3637 2016 3716 gene·

287 3719 290 3726 ¹
469 3732 626 3815 rationes
629 3729 763 3839 saltem
781 3729 878 3810 xxvi
889 3767 902 3825 ς
931 3747 966 3811 et
975 3728 1051 3840 past
1067 3727 1295 3838 hancfigura
1313 3727 1461 3811 Wadenr'
1467 3727 1565 3839 satis
1581 3725 1703 3810 nitida
1721 3757 1800 3808 cum
1815 3728 2016 3810 noninitzn

460 3854 628 3968 filiorum
646 3849 719 3961 n'us
738 3849 829 3934 unde
846 3879 944 3960 reges
959 3851 1113 3962 anglia
1128 3851 1309 3932 duxerunt
1324 3851 1526 3960 originem:
1552 3848 1699 3958 historie
1723 3847 1801 3961 ipsa
1822 3849 1955 3961 incipit
1971 3849 2019 3934 at

470 3974 692 4086 heptarchia,
711 3989 746 4054 et
763 3974 996 4057 continuatur
1017 3974 1121 4087 usque
1136 3971 1189 4056 ad
1202 3971 1404 4056 Hmricum
1422 3975 1478 4074 II,
1488 3969 1561 4086 std
1574 4001 1616 4054 ea
1635 3969 1817 4054 breuitate
1832 3974 2015 4084 utseptem

459 4096 669 4212 solummodo
686 4093 938 4206 constetfhliis.

528 4216 648 4305 Liber
651 4217 826 4329 secundus
842 4216 960 4298 eadem
976 4214 1158 4300 breuitate
1176 4233 1328 4302 enar-rat
1333 4213 1568 4332 fiucffonem
1582 4211 1837 4326 episcoporum:
1857 4239 1914 4293 res
1929 4239 2018 4294 oero
2045 4303 2056 4320 ‚

472 4337 831 4451 Eboracerfiesfuſsus
847 4339 988 4420 catoris
1003 4343 1228 4436 traiiantur,
1246 4339 1396 4422 dimidia
1413 4334 1506 4420 libri
1522 4335 1608 4418 hnic
1616 4335 1824 4448 prouincia
1840 4335 2014 4449 inpenso:

472 4465 595 4577 definit
613 4453 768 4573 utraque
782 4457 930 4572 historia
949 4461 989 4544 in
1006 4487 1098 4544 anno
1122 4459 1239 4544 1181.

1846 4605 1887 4684 4.
1916 4581 2015 4661 Pro-

530 4905 656 4990 LXV.]
673 4907 735 4977 Vct.
752 4907 820 4972 Cat.
837 4903 869 4969 Ρ.
886 4925 919 4990 9.
935 4901 1031 4969 MSS.
1049 4901 1134 4986 Argi.
1160 4873 1364 4994 1595-238.

530 5025 671 5111 uxv1.]
688 5027 752 5097 Vn.
768 5027 834 5093 Cat.
850 5021 926 5088 Sub.
944 5017 988 5089 D.
1008 5039 1059 5089 ra.
1076 5016 1173 5091 Mos.
1191 5019 1276 5105 Argi.
1295 5016 1497 5107 1635-368.

535 5146 582 5238 10]
599 5146 668 5220 Vide
685 5163 732 5215 ια.
752 5143 802 5212 16.
818 5141 907 5210 LIX.
927 5159 954 5208 r.
