5058 6274
436 843 438 849 Ι
487 729 584 850 348
1098 722 1466 820 CCCXXVIII.

602 909 786 1020 Inseritur
805 903 915 990 milla
933 905 982 988 de
1003 906 1270 993 S.Duustano
1289 935 1385 992 cum
1403 903 1512 992 notis
1534 904 1707 990 muficis.

537 1057 574 1112 a.
605 1029 701 1110 Vita
720 1025 876 1110 Odonis
897 1025 1052 1134 abbatis
1072 1025 1344 1110 Cluniacensrs
1365 1053 1437 1140 per
1456 1027 1680 1111 Iohannem
1702 1026 1867 1114 fratrem
1891 1032 1961 1114 lib.
1975 1031 2033 1118 iii.

602 1150 681 1254 Hic
699 1148 871 1230 lohannes
890 1144 1085 1256 discipulas
1099 1147 1190 1256 suit
1210 1149 1344 1230 Odonis
1367 1167 1404 1230 et
1418 1146 1560 1230 claruit
1570 1149 1694 1254 stralo
1715 1173 1759 1250 x,
1783 1181 1851 1234 eron
1873 1169 1956 1256 κιο,
1978 1174 2032 1252 at,

550 1311 556 1320 ·
605 1271 716 1378 nescio
735 1299 807 1381 qua
825 1271 1041 1368 autoritate,
1062 1267 1235 1378 afflritar
1253 1271 1294 1350 in
1313 1269 1436 1350 veteri
1451 1272 1627 1380 catalogo.

535 1421 573 1502 3.
603 1391 699 1474 Vita
721 1387 866 1496 Majoli
886 1387 1040 1472 abbatis
1060 1389 1332 1472 Cluniacensrs
1351 1417 1424 1502 per
1443 1391 1675 1474 Odilonem.

532 1543 572 1620 4.
603 1513 697 1595 Vita
717 1511 903 1594 Odilonis
925 1509 1080 1594 abbatis
1100 1509 1374 1594 Cluniacenfis
1395 1537 1466 1620 per
1487 1517 1652 1596 Petrum
1673 1505 1938 1596 Damianum.

603 1649 630 1683 “
643 1635 772 1718 'Liber
790 1636 937 1744 ecclefice
956 1637 995 1716 S.
1009 1629 1225 1717 Swinthuiti
1244 1633 1483 1716 Wintoaiae.”

1052 1851 1466 1968 CCCXXIX.

531 2025 646 2108 Codex
667 2023 954 2107 membranaceus
974 2021 1014 2104 in
1034 2027 1103 2128 4²⁹,
1112 2021 1233 2132 stralo
1252 2019 1494 2132 rescriptas,
1513 2021 1555 2104 in
1574 2051 1640 2134 qua
1660 2023 1904 2122 contincatur,

472 2155 476 2164 '
537 2173 572 2228 1.
603 2145 782 2230 Historia
799 2143 958 2226 Waldei
977 2145 1185 2254 quondam
1201 2139 1455 2224 Norfolchiae
1470 2156 1510 2224 et
1527 2139 1755 2226 Suffolchiae
1774 2143 1877 2254 regis
1896 2140 2034 2226 eximii

600 2269 649 2350 de
670 2267 797 2348 Gallis
817 2283 856 2346 et
876 2263 1019 2372 Anglis
1039 2262 1197 2346 verbis
1188 2291 1232 2346 tn
1253 2262 1448 2346 Latinum
1470 2261 1671 2346 transsata.

600 2393 668 2472 Ex
683 2387 947 2586 prefationes
955 2387 1121 2468 ‘Verum
1135 2384 1178 2490 st
1194 2415 1253 2468 cur
1249 2385 1428 2518 'forfim
1435 2383 1524 2466 libet
1551 2383 1781 2494 trarssatoris
1810 2385 2033 2494 agnitionem

599 2509 844 2678 :percipere³
871 2505 1018 2587 litteras
1037 2505 1214 2616 capitales
1231 2503 1341 2614 hujus
1358 2495 1474 2616 ope'ris
1497 2505 1746 2612 aureasstbill
1728 2505 1870 2588 licando
1891 2507 2034 2618 perspi-
2119 2569 2123 2574 -

598 2735 808 2846 inveniente
820 2749 1008 2861 patefiet?

478 2883 482 2890 '
598 2873 763 2970 Littera
781 2901 869 2954 vero
887 2899 1010 2955 aurea
1029 2871 1071 2954 de
1089 2871 1218 2986 quibus
1237 2871 1381 2980 agitur,
1402 2885 1611 2980 componunt
1628 2869 1723 2952 hunc
1740 2871 1900 2976 versiam,

600 2999 762 3078 “:DE
752 2993 1118 3076 QTHETFURD
1149 2990 2030 3078 MONAGHUS:BRAMJS:ED1DJT:

567 3113 1164 3200 ·“Js·TA:10HANNES.”
2144 3129 2146 3137 '

596 3241 653 3319 H
642 3237 767 3346 storea
779 3258 891 3350 parra
897 3239 1033 3348 soba
1016 3237 1123 3348 asa,'
1108 3267 1148 3318 tn
1167 3265 1240 3348 qua
1259 3252 1414 3348 tempore
1434 3235 1632 3318 Bretanum
1636 3233 1818 3348 frequens
1837 3235 2030 3318 Narmae-

597 3361 671 3440 reiae
690 3379 724 3442 et
744 3363 1009 3442 Saracenorum
1028 3361 1172 3440 mentio.

531 3507 567 3560 z.
598 3483 661 3562 De
680 3479 1008 3562 transsationibus
1026 3477 1330 3590 episcopatuum
1345 3475 1538 3562 Wellens.
1558 3472 1750 3562 Cestrens.
1771 3493 1810 3560 et
1825 3475 2030 3562 Thetlord

485 3677 501 3708 ,
528 3639 537 3654 ’-
601 3604 670 3706 [ex
689 3599 900 3684 Willelmo
920 3599 1265 3710 Malmbunensnj
1569 3631 1571 3636 ·

532 3751 569 3832 3.
601 3721 760 3805 Motiva
794 3723 1066 3806 exhortatoria
1101 3751 1224 3835 quare
1255 3723 1406 3832 capella
1439 3716 1585 3828 virgini
1620 3717 1800 3828 gloriosa
1834 3719 1879 3802 in
1914 3735 2030 3832 parte

598 3843 826 3956 aquilonari
864 3845 1094 3929 monasterii
1132 3843 1428 3928 monachorum
1457 3839 1710 3924 Thetfordiae
1742 3870 1814 3955 per
1851 3839 2027 3955 priorem
2141 3853 2151 3874 '

602 3965 776 4074 ejusdem
797 3963 875 4048 1οεὶ
895 3966 1080 4050 extiterat
1100 3959 1341 4050 construite.

530 4119 570 4197 4.
599 4089 781 4202 Epistola
812 4087 1012 4171 Willelmi
1048 4085 1216 4170 ecclefiae
1254 4087 1292 4165 S
1308 4083 1452 4168 Martae
1490 4083 1540 4164 de
1574 4083 1825 4168 Merlessram
1857 4073 2028 4170 ministri

600 4211 773 4322 qualiter
796 4210 939 4295 sancte
968 4207 1178 4320 reliquie
1169 4205 1360 4318 incapite
1381 4203 1654 4317 supradiilae
1643 4204 1831 4314 imaginis
1862 4227 2029 4320 repertae

601 4333 652 4412 ad
670 4329 963 4424 Thetfordense
982 4326 1269 4414 monasterium
1290 4323 1559 4438 pervenerint.

534 4479 571 4563 5.
601 4449 878 4560 Chronologia
911 4477 1048 4534 rerum
1079 4446 1407 4536 memorabilium
1442 4441 1533 4530 ab
1522 4444 1799 4532 rncarnatione
1831 4395 1966 4536 verbi
1977 4453 2028 4536 ad

602 4601 759 4694 annum
785 4599 902 4682 1399.
1866 4685 1899 4770 6
1933 4688 2030 4772 His·

534 5016 583 5093 a]
601 5015 671 5086 Vide
685 5014 805 5090 CLXI.
826 5034 875 5082 12.

538 5119 877 5207 3·]VedeCLXl.13.
1030 5105 1034 5112 ’

535 5223 586 5308 4.]
603 5223 671 5290 Vide
685 5223 805 5290 CLXI.
827 5245 877 5306 14.

539 5329 779 5412 CCCXXIX.]
797 5329 860 5400 Ver.
878 5331 944 5397 Cet.
963 5328 989 5395 l.
1011 5348 1058 5396 ro.
1079 5327 1174 5397 MSS.
1190 5329 1275 5414 Aegl.
1295 5347 1495 5417 1377-2100.
1619 5335 1623 5343 “
