5054 6256
594 617 692 734 19'4
1266 594 1449 706 CXXI.
1539 689 1541 694 .

569 827 573 834 '
636 803 813 918 Triginta
830 831 954 888 novem
973 777 1142 912 articulis
1159 799 1268 912 ougo
1284 782 1436 916 receptis
1452 801 1637 898 adduntur
1654 825 1727 894 tres
1746 811 1817 896 alii
1835 795 1946 904 minio
1964 822 2009 910 in
2023 853 2128 912 mar.

572 933 662 1041 gine
678 931 809 1027 notati,
828 948 962 1039 nempe,

803 1063 830 1098 “
850 1055 942 1134 XL.
971 1049 1199 1162 Restcrreoiio
1216 1050 1368 1133 nondum
1387 1046 1567 1162 qbficila.

615 1188 663 1224 '“
687 1175 910 1287 Restcrretiio
927 1195 1145 1256 mortuorum
1174 1203 1241 1256 non
1260 1175 1376 1257 adbuc
1389 1173 1506 1284 fieta
1524 1175 1583 1286 est,
1612 1178 1712 1288 quast
1727 1197 1872 1268 tantum
1889 1189 1943 1272 ad
1963 1195 2123 1280 am'ncum

579 1311 605 1345 “
619 1301 845 1411 pertineant,
863 1301 927 1410 qui
938 1315 1007 1406 per
1025 1297 1161 1408 Christi
1175 1299 1344 1407 gratiam
1363 1330 1388 1380 a
1405 1318 1516 1382 morte
1525 1319 1759 1411 peccatorum
1773 1309 1964 1413 excitetur,
1971 1317 2043 1426 sed
2056 1349 2120 1402 erc·

579 1433 604 1468 “
627 1441 737 1504 tremo
756 1423 815 1504 elie
832 1421 948 1532 quoad
962 1450 1074 1502 omnes
1093 1423 1157 1531 qui
1174 1421 1339 1505 obierunt
1357 1423 1576 1531 repellanda
1591 1424 1675 1534 es.”

568 1597 569 1600 κ
633 1557 661 1591 “
682 1525 775 1626 Tum
795 1545 888 1624 enim
906 1543 1000 1624 vita
1018 1543 1209 1654 defhntlis,
1238 1547 1495 1656 ut'scrrpturae
1510 1549 1776 1659 manifistatur,
1798 1559 1956 1666 propria
1973 1580 2122 1674 corpora

577 1677 608 1714 “
626 1697 750 1750 carnes
770 1685 804 1749 et
823 1663 889 1776 ossa
908 1666 1151 1773 restituentur,
1181 1686 1223 1749 ut
1241 1668 1336 1752 bomo
1356 1671 1498 1780 integer
1506 1688 1620 1780 prout
1634 1673 1679 1786 se
1700 1675 1800 1784 goffia
1827 1678 1869 1761 in
1886 1699 2029 1792 corpore
2036 1687 2125 1796 stne

576 1801 604 1838 ‘⁸
625 1789 840 1902 bonumsve
856 1789 989 1872 malum
1008 1791 1200 1900 reportet.”
1647 1841 1650 1848 Δ

798 1923 823 1958 “
844 1915 959 1994 XLI.
992 1913 1260 2020 Desunblorum
1289 1913 1424 1998 anima
1452 1944 1562 2028 neque
1589 1945 1670 2002 cum
1701 1921 1905 2034 corporibus
1938 1925 2120 2014 intereunt

799 2045 826 2082 ‘¹
847 2065 955 2146 neque
973 2033 1077 2147 ociose
1092 2034 1287 2120 dormiunt.
2092 2055 2098 2066 '

630 2170 661 2206 “
679 2157 759 2267 Qui
781 2157 922 2240 animas
939 2155 1184 2266 defunclorum
1196 2159 1406 2268 pradicant
1425 2163 1600 2272 usquead
1619 2163 1712 2246 diem
1719 2165 1864 2272 judicii
1880 2169 2007 2281 absque
2024 2177 2120 2256 omni

574 2292 603 2332 “
609 2281 717 2394 senfic
734 2280 889 2363 dormire
907 2299 973 2362 aut
992 2280 1075 2362 illas
1101 2278 1256 2390 afferunt
1273 2313 1347 2364 una
1366 2312 1446 2365 cum
1469 2281 1672 2394 corporibus
1689 2287 1783 2367 mori
1809 2307 1844 2367 et
1871 2309 2031 2374 extrema
2057 2295 2118 2376 elie

571 2416 600 2451 ⁴‘
616 2434 696 2488 cum
715 2405 788 2486 illis
808 2402 1030 2500 excitandas,
1051 2402 1097 2484 ab
1115 2402 1401 2516 orthodoxafide,
1415 2436 1496 2518 qua
1508 2408 1606 2491 nobis
1624 2409 1795 2519 inficeris
1813 2409 1931 2492 literis
1949 2415 2119 2498 traditur

571 2538 599 2576 ‘⁸
610 2527 757 2640 prorsus
774 2526 991 2638 dipennone.

796 2662 823 2696 “
841 2649 978 2732 XLII.
1005 2653 1092 2733 Non
1112 2670 1223 2733 omnes
1241 2647 1582 2764 tandemservandi.

626 2785 654 2820 ‘⁸
675 2775 734 2855 Hi
752 2803 883 2885 quoque
902 2773 1128 2856 manatione
1146 2773 1364 2886 dignificnt,
1393 2777 1458 2886 qui
1484 2795 1661 2859 conantur
1678 2775 1777 2858 hodie
1786 2779 2020 2887 pernitiosam
2034 2786 2113 2894 opi-

571 2905 598 2942 “
616 2897 753 2978 nionem
779 2897 994 3007 irssaurare,
1028 2897 1122 3008 quod
1133 2927 1246 2978 omnes
1263 2901 1497 3008 quantumvis
1516 2900 1624 3010 impii
1628 2900 1811 3010 firvaneli
1815 2904 1909 3012 stent
1926 2931 2005 2984 cunr
2024 2903 2110 3017 defi-

570 3029 596 3064 “
615 3021 692 3101 nito
709 3038 862 3130 tempore
881 3019 1065 3128 ajeqbitia
1084 3018 1218 3102 divina
1235 3018 1277 3100 de
1293 3020 1443 3128 admffs
1446 3021 1620 3132 flagitiis
1637 3023 1822 3103 luerunt.”

622 3143 824 3225 Nonnullas
850 3143 1075 3224 variationes
1101 3143 1233 3224 nullius
1259 3143 1425 3224 momenti
1454 3143 1580 3245 (verbi
1601 3143 1735 3252 gratia
1753 3142 1892 3226 ordine
1911 3165 1983 3257 pro
1999 3141 2109 3230 ordi-¹

567 3285 673 3362 nate,
694 3267 796 3374 leges
816 3264 947 3347 civiles
958 3283 1029 3375 pro
1048 3267 1150 3374 leges
1171 3263 1302 3370 regni)
1308 3265 1451 3374 filentio
1462 3265 1694 3376 praetermis.
1737 3267 1838 3348 Satis
1857 3289 1975 3350 autem
1994 3271 2108 3382 liquet

566 3419 611 3470 ex
625 3388 749 3470 ¹‘verbis
766 3389 813 3469 ab
831 3389 996 3499 impressis
1014 3385 1295 3497 discrepantibus
1314 3387 1425 3468 minio
1441 3387 1570 3499 ubique
1587 3389 1720 3470 notatis
1737 3389 1837 3500 basse
1853 3393 2107 3476 emendationes

564 3529 649 3592 ante
662 3511 957 3623 subscriptionem
985 3509 1216 3620 epifioporum
1235 3525 1271 3590 et
1297 3509 1388 3592 cleri
1400 3507 1516 3620 sueffi
1528 3512 1681 3621 flabiam
1709 3542 1794 3593 nam
1822 3513 1863 3593 in
1881 3513 1936 3594 bis
1956 3533 2105 3626 quater·

566 3631 729 3716 nianibus
758 3633 934 3715 contineri
963 3632 1113 3714 videtur
1143 3633 1274 3742 prima
1306 3633 1543 3718 articulorum
1573 3633 1776 3732 delineatio,
1816 3635 1880 3744 qui
1910 3640 2107 3719 maturiori

557 3756 676 3866 poseo
678 3757 823 3866 jubicio
841 3756 994 3837 correcti
998 3755 1091 3866 fient
1106 3774 1299 3868 antequam
1311 3755 1457 3867 plenam
1475 3756 1708 3840 autoritatem
1732 3757 2027 3868 consequebantur
2046 3763 2109 3842 vel

564 3881 604 3964 in
616 3880 773 3990 publicis
791 3881 884 3960 attis
902 3879 1018 3960 curia
1035 3878 1381 3990 transcribebantur.

620 4003 705 4108 Posl
720 4002 893 4084 articulos
906 4003 1079 4112 sequitur
1096 4001 1313 4085 enumeratio
1339 4021 1416 4084 tam
1433 4003 1670 4084 articulorum
1698 4032 1804 4114 quam
1821 4003 1999 4087 linearem
2026 4038 2106 4118 qua

549 4121 706 4236 sagulis
717 4127 869 4234 paginis
887 4127 1126 4221 continentur,
1156 4155 1262 4236 quam
1280 4125 1463 4234 excipiunt
1468 4125 1744 4236 stcbscriptiones
1760 4129 1995 4236 autographae
2011 4133 2103 4242 epis-

564 4267 725 4359 coporum
754 4267 789 4328 et
816 4248 905 4330 cleri
922 4248 1110 4356 isserioris
1125 4247 1257 4344 domus,
1287 4265 1323 4327 et
1341 4247 1518 4354 adfinem
1537 4248 1612 4326 bac
1623 4247 1843 4356 protestatio,
1876 4259 1902 4293 “
1921 4249 1995 4356 Ista
2008 4253 2101 4360 sub.

566 4383 591 4416 “
600 4370 758 4482 sareptis
772 4371 889 4478 faita
907 4369 951 4484 est
969 4371 1016 4450 ab
1034 4369 1189 4454 omnibus
1205 4367 1371 4481 subhac
1387 4367 1636 4478 protestatione
1653 4369 1746 4478 quad
1760 4369 1858 4452 nibil
1866 4371 2039 4480 statuunt
2060 4375 2101 4454 in
2217 4434 2221 4442 ·

567 4508 592 4541 “
604 4493 862 4606 praejudicium
879 4491 1083 4604 ceqcesquam
1090 4492 1405 4604 senatus-consulti
1409 4490 1481 4599 sed
1495 4508 1637 4572 tantum
1642 4491 1841 4602 supplicem
1866 4493 2022 4575 libellum
2033 4514 2101 4606 pe-

444 4719 448 4722 „
566 4631 592 4664 “
612 4617 848 4727 tc'tr'onesficas
863 4617 1093 4696 continentem
1111 4613 1298 4694 humiliter
1316 4611 1507 4722 offerunt.”

623 4766 690 4849 27,
722 4739 890 4820 Anticles
910 4739 1049 4818 drawn
1068 4755 1141 4816 out
1160 4734 1201 4816 bi
1218 4733 1302 4816 som
1322 4752 1455 4816 certen
1484 4734 1564 4816 and
1583 4763 1663 4816 wer
1679 4734 1877 4818 exhibited
1898 4753 1941 4816 to
1960 4736 2009 4822 be
2028 4739 2099 4820 ad-

676 4863 811 4971 myted
832 4859 871 4941 bi
890 4859 1119 4957 authoritie,
1147 4859 1220 4940 but
1241 4875 1315 4940 not
1332 4857 1374 4939 so
1390 4857 1554 4939 allowed
1578 4857 1621 4968 [a
1637 4859 1740 4968 body
1759 4855 1809 4938 of
1835 4858 2101 4945 ecclefiastical

677 4983 875 5092 statutae]
890 5004 932 5095 p.
949 4986 1041 5092 267.
1230 5068 1233 5078 ,
1364 5077 1368 5088 ,
1698 5057 1702 5066 ,
1755 5061 1758 5068 ,
1807 5027 1810 5037 ·

624 5089 689 5194 28.
720 5113 758 5192 A
777 5106 847 5194 bill
874 5125 919 5190 to
939 5104 1147 5194 authorize
1166 5130 1280 5216 every
1300 5099 1538 5216 acchbilhop
1566 5103 1646 5185 and
1673 5101 1815 5217 bithop
1834 5121 1878 5190 to
1898 5103 2002 5190 ere&
2022 5131 2100 5185 one

1305 5252 1309 5260 ·
1987 5227 2101 5320 office
