4980 6264
1094 742 1254 852 XXV.

481 945 546 1026 61.
577 944 642 1028 Ad
661 941 839 1028 Lucium
859 957 899 1026 et
918 936 990 1051 qui
1010 966 1104 1022 cum
1125 967 1174 1022 eo
1193 937 1299 1022 sunt.

481 1067 548 1148 62.
569 1065 758 1178 {Epistola
775 1061 1003 1148 Firmiliani
1022 1063 1073 1144 ad
1092 1058 1364 1170 cyprianum..

482 1189 549 1296 63.
578 1186 758 1298 Epistola
777 1182 954 1268 Maximi
972 1199 1012 1264 et
1032 1197 1259 1264 ceterorum
1279 1178 1456 1260 fratrum
1473 1178 1526 1262 ad
1545 1174 1819 1288 Cyprianum..

483 1311 550 1414 64.
579 1307 758 1418 Epistola
776 1301 971 1417 Cypriani
991 1305 1042 1384 ad
1060 1303 1212 1384 clerum
1232 1301 1282 1380 de
1301 1297 1541 1410 quibusdam
1562 1298 1805 1410 presbiteris.

483 1435 507 1512 6
512 1457 550 1538 ς.
579 1433 645 1512 Ad
663 1427 846 1512 martires
866 1425 938 1538 qui
955 1423 1071 1535 lapsis
1091 1420 1297 1534 petierunt
1310 1447 1454 1532 pacem
1473 1419 1573 1504 dari.

483 1553 550 1632 66.
578 1551 645 1632 Ad
665 1549 823 1660 plebem
841 1550 891 1631 de
910 1545 1040 1657 lapsis.
1075 1551 1080 1559 '

483 1673 550 1782 67.
580 1670 644 1754 Ad
665 1673 818 1754 clerum
838 1697 912 1781 pro
931 1667 1048 1779 lapsis
1067 1684 1107 1750 et
1128 1662 1443 1750 cathecumenis.

484 1792 551 1874 68.
580 1792 646 1875 Ad
665 1792 819 1876 clerum
838 1793 887 1874 de
906 1788 968 1874 his
989 1785 1060 1899 qui
1079 1787 1131 1872 ad
1151 1813 1291 1897 pacem
1310 1785 1517 1874 festinant.
1587 1797 1593 1810 '

483 1916 550 2020 69.
581 1914 646 1998 Ad
665 1913 819 1996 clerum
839 1939 926 1996 non
946 1928 1093 1994 temere
1113 1935 1252 2018 pacem
1272 1909 1464 1998 dandam.

483 2061 552 2144 70.
581 2033 760 2144 Epistola
779 2031 973 2144 Cypriani
992 2031 1044 2114 ad
1063 2027 1323 2114 Caldonium.

413 2178 420 2186 ·
484 2159 552 2265 71.
581 2157 647 2238 Ad
665 2155 817 2240 clerum
839 2159 983 2237 Romae
1001 2151 1051 2234 de
1070 2149 1268 2236 reditione
1284 2149 1458 2264 episcopi
1477 2151 1639 2242 Urbici.

483 2305 553 2390 72.
581 2277 648 2360 Ad
666 2277 819 2362 clerum
839 2271 1047 2360 insinuans
1067 2273 1180 2384 quod
1199 2272 1387 2386 utrasque
1407 2277 1552 2362 Romae
1570 2275 1711 2360 literas
1724 2272 1901 2364 mififfu..
1922 2305 1927 2312 ’

483 2425 552 2509 73.
582 2399 645 2481 De
665 2414 805 2480 monte
824 2401 931 2508 Syna
949 2413 991 2480 et
1010 2411 1152 2480 monte
1170 2396 1292 2506 Syon.

486 2544 556 2630 74.
584 2519 648 2604 De
666 2519 783 2602 laude
802 2516 997 2630 Cypriani
1016 2513 1196 2628 epistola.

978 2740 1229 2884 xxm,
1260 2741 1436 2856 xvi.

485 2902 577 2985 Duo
590 2899 724 2990 codices
735 2899 1003 2982 membranacei
1019 2899 1178 3008 infolio,
1185 2899 1308 3010 seculo
1318 2899 1398 2980 xiii
1409 2898 1574 2996 exarati,
1592 2896 1726 3008 quibra
1737 2898 1986 3000 conmmeatum

487 3020 663 3106 Matthei
682 3019 793 3104 Paris
813 3019 978 3104 historia
998 3021 1141 3128 major.

486 3143 662 3224 Primum
682 3141 846 3224 velamen
865 3137 1057 3226 exordium
1067 3144 1192 3253 sumit
1210 3171 1237 3224 a
1257 3141 1441 3224 creatione
1465 3141 1594 3224 mandi
1615 3159 1653 3222 et
1674 3141 1801 3248 definit
1824 3143 1869 3225 in
1891 3173 1995 3230 anno-

439 3265 557 3373 6189.
1900 3299 1903 3304 ’

489 3387 561 3470 Ad
573 3387 705 3469 calcem
719 3415 834 3473 mana
842 3385 955 3484 paulo
967 3383 1150 3466 neoterica
1167 3384 1223 3466 ad
1234 3385 1395 3471 alterum
1408 3384 1573 3466 uelamen
1586 3381 1643 3464 his
1660 3385 1787 3468 verbis
1804 3387 1985 3496 refertar,

435 3519 461 3558 “
481 3511 589 3592 Anno
607 3509 822 3591 Dominica
839 3507 1110 3590 incarnationis
1129 3507 1458 3590 M.C.LXXXlX
1477 3506 1525 3616 est
1546 3533 1643 3588 vcra
1660 3509 1885 3592 continuatio
1910 3509 1995 3620 bis

435 3643 464 3680 ‘¹
481 3632 590 3716 turice
608 3631 779 3716 Matthei
796 3631 1009 3736 Paristcnſss
1027 3632 1069 3712 in
1087 3629 1160 3712 alio
1179 3631 1362 3716 volamine
1378 3631 1529 3739 postem
1546 3633 1710 3715 manus.’'

487 3754 559 3837 Ad
570 3753 724 3836 initiam
743 3753 852 3835 haber
866 3752 1056 3836 stationes
1084 3752 1319 3835 aLondino
1346 3755 1397 3837 ad
1417 3753 1743 3862 Hierosolymam
1762 3783 1857 3838 cnm
1876 3754 1994 3840 notis

435 3891 475 3958 et
494 3873 826 3985 descriptionibus
847 3873 1057 3961 succinStis
1076 3875 1207 3984 lingua
1232 3876 1396 3976 Gallica,
1423 3876 1711 3974 Prefationem,
1739 3879 1898 3964 tabulas
1916 3905 1994 3990 ge*

435 3991 662 4106 nealogicas
697 4001 879 4107 (quaram
906 3997 1025 4104 major
1043 4019 1141 4104 part
1167 3997 1209 4080 in
1236 3997 1369 4080 calcem
1397 3998 1529 4081 codicis
1556 3999 1758 4106 rejicitur)
1787 3999 1994 4087 circulum·

434 4117 660 4228 paschalem
679 4133 720 4200 et
738 4117 1032 4202 kalendarium.

491 4239 561 4324 Ad
560 4240 677 4349 finem
695 4239 827 4323 codicis
846 4239 893 4348 est
911 4265 1060 4350 mappa
1079 4238 1325 4325 mundicam
1341 4241 1411 4324 hac
1428 4241 1673 4346 inscriptione,

493 4369 522 4408 “
541 4361 885 4470 Summatimfacia
902 4361 949 4468 est
964 4361 1144 4470 disposicio
1163 4381 1299 4468 mappa
1315 4363 1445 4447 mnndi
1461 4365 1632 4475 magistri
1651 4365 1744 4448 Rob.
1764 4365 1808 4448 de
1827 4365 1989 4447 Meleke-

440 4491 466 4529 “
487 4481 562 4562 leia
579 4499 616 4564 et
633 4491 772 4585 mappa
785 4483 913 4566 mundi
929 4482 972 4564 de
989 4483 1179 4566 Waltham
1197 4503 1332 4590 mappa
1344 4485 1473 4568 mandi
1489 4487 1589 4596 regis
1607 4488 1763 4598 qacdest
1780 4489 1822 4568 in
1840 4513 1996 4568 camera·

438 4603 550 4714 “'stca
577 4604 681 4705 apud
702 4603 1044 4713 Westmcnasterium
1057 4605 1260 4713 figuratur
1284 4605 1326 4688 in
1353 4607 1518 4691 ordinali
1538 4609 1708 4694 Mattbei
1732 4607 1776 4692 de
1798 4607 1994 4716 Paristisr·

1820 4741 1848 4778 ‘⁸
1867 4730 1994 4836 verifi-

497 5037 643 5120 xxvi]
660 5037 723 5108 Vct.
740 5041 807 5106 Cat.
823 5035 865 5105 C.
881 5061 913 5126 9.
930 5036 1026 5105 MSS.
1045 5039 1131 5126 Angl.
1152 5041 1332 5129 1306-30.

496 5146 610 5234 XVI.]
627 5153 690 5224 Ver.
707 5154 773 5220 Car.
790 5147 829 5217 C.
847 5168 878 5236 5.
895 5149 995 5218 MSS.
1011 5149 1096 5234 Aegl.
1116 5170 1294 5240 agon-25..
1374 5177 1387 5200 ·
