4994 6264
1030 732 1325 830 ocoovrr..
1875 745 1971 870 335
2019 765 2024 776 ·

502 983 507 992 ,
552 945 587 1008 et
604 925 687 1036 locis
705 925 881 1034 Angliae..
894 967 952 990 -
970 925 1098 1006 Multa
1114 922 1166 1004 ad
1175 921 1291 1030 finem
1309 918 1502 1032 defidereri
1513 914 1712 1022 ''videntur,
1740 925 1863 1036 definit
1880 931 1975 1012 enim

414 1051 417 1056 “
549 1049 784 1130 itinerarium
803 1047 904 1158 apud
917 1047 1206 1159 Hierosolymam,
1236 1060 1271 1125 et
1293 1043 1335 1124 de
1359 1043 1479 1126 reditu
1497 1045 1635 1128 autoris
1653 1046 1694 1128 in
1713 1050 1882 1158 patriam
1898 1080 1974 1134 om·

550 1171 635 1252 nino
652 1187 806 1254 tacetur.

427 1305 433 1314 '
483 1319 520 1376 2.
549 1279 806 1376 Itinerarium
820 1288 952 1374 fratris
968 1285 1164 1372 Willelmi
1179 1285 1228 1370 de
1241 1285 1414 1370 Rubruk
1429 1288 1478 1367 de
1492 1287 1630 1372 ordine
1646 1286 1822 1375 fratrum
1837 1291 1971 1379 mino-
2022 1371 2025 1378 .

549 1440 642 1496 rum
661 1441 771 1496 anno
790 1412 928 1522 gratioe
948 1404 1126 1496 Mccrnr
1148 1411 1197 1492 ad
1217 1427 1346 1522 partes
1367 1405 1588 1494 orientales.

407 1555 412 1564 “
549 1537 693 1649 Destent
710 1536 824 1620 multa
841 1537 1021 1648 adfinem.
1374 1613 1377 1618 .
1808 1641 1811 1648 .

482 1685 521 1769 3.
551 1657 807 1742 Itinerarium
827 1657 961 1742 fratris
982 1653 1145 1740 Odorici
1165 1653 1316 1740 ordinis
1337 1653 1511 1740 fratrum
1538 1654 1745 1743 minorum
1773 1657 1830 1742 de.
1847 1657 1971 1750 mira-

550 1778 696 1864 bilibus
715 1778 973 1864 orientalium
991 1783 1269 1864 Tartarorum.

481 1929 522 2010 4.
550 1900 671 1985 Liber
688 1903 736 1985 de
756 1920 871 1987 terrae
891 1899 1072 2014 parribus
1091 1915 1132 1983 et
1149 1897 1305 1984 divellis
1324 1896 1554 2010 provinciis.

549 2025 722 2134 Regiones
754 2026 878 2110 ordine
906 2023 1124 2135 alphabetico
1157 2019 1429 2136 describuntur:
1464 2023 1707 2133 desternatur
1734 2024 1897 2138 quadan
1925 2028 1978 2110 ad

537 2149 667 2256 finem.

482 2295 520 2378 5.
549 2269 669 2352 Liber
686 2269 820 2354 secreti
839 2268 1076 2354 secretorum
1088 2271 1173 2380 five
1190 2268 1238 2350 de
1258 2265 1452 2376 regimine
1475 2265 1706 2380 principum
1726 2285 1767 2352 et
1785 2269 1974 2357 domino-

551 2419 644 2474 rum
665 2393 715 2475 ad
732 2391 964 2476 instantiam
984 2389 1200 2472 Alexandri
1218 2387 1355 2498 magni
1376 2389 1426 2470 ab
1445 2389 1655 2472 Aristotele
1673 2389 1816 2474 editus.

549 2513 668 2607 Liber
692 2515 883 2598 dedicatur
906 2513 1067 2596 Gnidoni
1092 2510 1135 2595 de
1162 2511 1335 2594 Velencia
1362 2512 1531 2593 civitatis
1554 2507 1713 2622 Tripolis
1739 2515 1889 2626 episcopo
1908 2533 1980 2628 per

553 2637 766 2746 Philippum
785 2639 966 2734 clericum,
985 2636 1050 2747 qui
1067 2664 1145 2718 eum
1164 2635 1205 2718 de
1218 2633 1382 2716 Arabico
1399 2632 1581 2715 Latinum
1585 2634 1699 2746 fecit.
2080 2643 2081 2646 ‘

482 2763 521 2840 ὁ.
551 2757 675 2843 Aliud
694 2759 985 2844 documentum
1004 2759 1053 2840 de
1071 2755 1347 2870 complexione
1366 2754 1558 2839 humana.

994 2981 1384 3102 CCCCVIII.

480 3157 595 3272 meix
610 3157 893 3240 membranaceus
900 3157 1019 3268 seculo
1036 3187 1089 3239 xv
1094 3155 1271 3267 scriptus,
1290 3159 1332 3238 in
1350 3183 1416 3267 qno
1434 3155 1649 3250 continetur,

481 3277 602 3363 Liber
619 3277 783 3364 loannis
798 3283 1003 3389 Capgrave
1017 3279 1065 3362 de
1083 3275 1223 3362 multis
1239 3275 1425 3362 Henricis
1443 3273 1660 3360 clariffimis
1682 3275 1731 3358 ad
1749 3275 1975 3364 Henricum

428 3403 500 3484 Vl.
521 3427 651 3510 regem
668 3398 840 3510 Angliae.
1287 3399 1289 3404 ’

482 3524 619 3604 Prima
629 3540 699 3632 pas
716 3521 960 3631 compleelitur
974 3524 1078 3606 vitas
1095 3522 1255 3606 Henrici
1270 3526 1305 3604 J.
1364 3536 1385 3608 Ἰ

1097 3645 1257 3724 Henrici
1270 3647 1326 3724 II.

1098 3765 1259 3844 Henrici
1273 3768 1349 3844 ΙΠ.
1430 3832 1437 3847 .
1865 3838 1873 3855 ,

1081 3941 1089 3956 .
1100 3883 1261 3965 Hem-ci
1275 3887 1343 3964 W
1420 3846 1673 3940 imperatorum
1687 3833 1915 3920 Allemaneae.

998 4045 1004 4052 ·
1105 4005 1267 4088 Henrici
1281 4009 1321 4086 V
1318 4067 1326 4086 .
1486 4017 1490 4022 '

1104 4127 1265 4211 Henrici
1277 4129 1385 4244 VI.)

1933 4261 1978 4338 In

487 4539 757 4666 2ss1nnnxv1.
777 4599 826 4648 10.
842 4576 1032 4648 cnxxxr.
1050 4601 1081 4668 9.

487 4683 537 4772 3.]
554 4683 625 4753 Vm
638 4677 842 4748 chxxv.
862 4703 875 4748 r
882 4703 913 4769 3.

486 4789 537 4878 5.]
555 4789 625 4859 len
637 4785 846 4855 CCCCLVl.
865 4808 897 4876 7.

485 4891 721 4978 ccccvn1.]
736 4891 801 4965 Ver.
817 4895 885 4962 Cet.
903 4890 944 4962 V.
960 4911 989 4961 r.
1007 4888 1101 4962 MSS.
1113 4883 1199 4968 Aegl.
1219 4886 1411 4976 15⁶2⁸2950

1143 5010 1259 5088 Ccc
