5054 6256
1147 777 1327 876 CXIX.
1943 787 2035 882 181

649 967 990 1083 superssidonibus
1017 964 1061 1050 in
1078 965 1240 1050 ooclefia
1252 964 1477 1074 Anglicana
1501 965 1678 1050 toleratis
1703 969 1944 1078 qommmr,
1964 972 2042 1056 viz.

648 1094 697 1175 de
709 1093 820 1202 signo
831 1089 957 1174 crucis
970 1089 1015 1171 in
1028 1087 1239 1200 baptismo,
1260 1090 1309 1170 de
1327 1088 1605 1198 genuflexione
1619 1087 1809 1176 infirm
1819 1120 1949 1192 coeaa,
1963 1099 2039 1178 &c

552 1221 619 1331 67.
647 1215 827 1327 Epistola
843 1209 1063 1322 Bullingeri
1088 1213 1138 1294 ad
1154 1215 1370 1308 Buoerum,
1399 1213 1492 1296 data
1517 1229 1566 1294 lo
1583 1215 1673 1320 Jan.
1699 1218 1817 1324 1536,
1841 1214 1886 1298 in
1905 1243 1987 1326 qua
2005 1217 2041 1300 se

649 1338 807 1420 excusat
826 1337 936 1448 quod
955 1349 1201 1418 conventum
1219 1361 1314 1416 cum
1326 1333 1508 1416 Luthero
1525 1333 1757 1426 habendum
1772 1339 1822 1420 ad
1838 1339 2040 1422 stabilien.

644 1462 740 1542 dam
760 1457 1016 1542 concordiam
1035 1453 1261 1552 dillirase'rit‚
1284 1475 1326 1565 p.
1344 1456 1435 1538 181.

551 1586 617 1668 68.
645 1581 823 1692 Epistola
842 1577 1062 1688 Bullingcri
1078 1579 1131 1660 ad
1150 1579 1335 1673 eundem,
1352 1575 1398 1660 in
1415 1603 1498 1688 qua
1514 1576 1620 1662 inter
1636 1578 1713 1662 alia
1731 1599 1928 1666 memorat
1941 1613 2039 1668 con-

595 1775 599 1786 .
646 1703 824 1788 cordiam
853 1701 957 1786 inter
988 1699 1204 1783 Calvinum
1233 1716 1274 1782 et
1302 1698 1512 1786 ecclefiam·
1528 1700 1771 1810 Tigurinam
1798 1703 2037 1790 stabilitam:

645 1827 739 1912 data
757 1825 902 1934 Tigur.
920 1827 996 1906 ult.
1012 1829 1120 1932 Aug.
1146 1851 1264 1931 1549,
1285 1841 1329 1932 p.
1347 1823 1436 1931 183.

549 1955 616 2058 69.
644 1947 824 2060 Epistola
837 1945 1076 2056 Wolfgandi
1094 1944 1271 2030 Musculi
1288 1961 1329 2026 et
1345 1943 1517 2028 aliorum
1535 1943 1740 2056 pastorum
1758 1947 1923 2032 eccleliae
1938 1951 2039 2034 Gal·

644 2068 785 2154 licanae
803 2072 854 2152 ad
867 2069 1052 2166 eundem,
1072 2067 1117 2150 in
1136 2093 1218 2178 qua
1236 2066 1473 2177 respondent
1485 2067 1723 2177 quibusdam
1739 2069 1917 2154 articulis
1935 2072 2040 2157 inter

643 2191 739 2276 feet
757 2191 1002 2302 Anglicanos
1020 2190 1228 2299 dreologos
1247 2187 1519 2288 controversia,
1543 2209 1585 2300 p.
1605 2191 1694 2302 187.
1815 2211 1818 2218 ⁴

545 2343 614 2431 70.
642 2314 821 2425 Epistola
838 2312 1000 2397 Ioannis
1020 2312 1146 2423 Apini
1165 2313 1217 2394 ad
1233 2314 1419 2410 eundern,
1441 2312 1489 2394 in
1514 2339 1596 2424 qua
1619 2316 1847 2422 gratulatur
1866 2315 1903 2398 ei
1930 2320 2038 2426 quod

641 2453 781 2520 tutum
808 2434 1028 2546 hospitium
1056 2435 1101 2517 in
1121 2433 1270 2542 Anglia
1295 2434 1503 2546 reperisset,
1537 2452 1577 2516 et
1605 2439 1736 2520 multa
1760 2437 1796 2518 ei
1824 2459 1961 2520 narrat
1987 2441 2039 2520 de

642 2557 749 2641 statu
765 2556 931 2638 occlesrae
950 2549 995 2638 in
1013 2555 1245 2654 Germania,
1274 2557 1367 2642 data
1386 2558 1536 2638 Hamb.
1559 2586 1610 2665 29
1628 2557 1740 2664 Julii,
1762 2579 1805 2668 p.
1828 2589 1874 2668 19
1878 2591 1915 2670 3.

545 2707 613 2791 71.
642 2678 821 2790 Epistola
850 2677 1044 2760 Ioachimi
1068 2675 1239 2760 Vadiani
1269 2678 1318 2758 ad
1343 2679 1529 2774 eundem,
1561 2677 1605 2760 in
1634 2707 1716 2788 qua
1745 2683 1973 2789 gratulatur
2002 2684 2039 2766 ei

642 2802 753 2912 quod
770 2799 893 2897 fama,
920 2828 1011 2910 quae
1031 2799 1079 2880 de
1098 2798 1182 2908 ejus
1210 2797 1400 2910 apostasia
1423 2801 1746 2909 pervulgabatur,
1775 2821 1928 2912 reperta
1946 2805 2038 2888 effet

642 2922 764 3020 falsa;
793 2939 834 3006 et
861 2939 999 3006 narrat
1022 2949 1146 3031 quam
1174 2919 1319 3004 fincere
1349 2920 1427 3032 ipse
1455 2949 1549 3004 cum
1574 2923 1814 3006 Lutheranis
1843 2927 1966 3034 egerit
1987 2927 2037 3010 'in

643 3044 747 3128 libro
756 3043 971 3156 quemjam
982 3059 1067 3126 erat
1077 3043 1269 3142 edimrus,
1283 3045 1376 3126 data
1386 3043 1511 3154 pridie
1524 3048 1750 3155 Non.Aug.
1769 3051 1935 3159 1566,p.
1949 3077 2038 3158 199.

543 3194 612 3280 72.
640 3167 821 3278 Epistola
838 3165 1033 3250 Gulielmi
1047 3165 1192 3248 Farelli
1209 3167 1262 3248 ad
1278 3167 1451 3248 eandem
1469 3167 1517 3248 de
1537 3165 1642 3248 statu
1660 3195 1794 3250 rerum
1813 3169 2038 3254 ecclefiasti·
2086 3219 2090 3232 =

642 3317 780 3372 carum
798 3290 842 3372 in
861 3287 1092 3387 Germania,
1121 3290 1215 3372 data
1231 3291 1428 3372 Neocom.
1450 3317 1500 3372 22
1519 3288 1631 3396 Julii,
1658 3317 1774 3399 1550,
1796 3310 1839 3402 p.
1855 3291 1947 3375 zor.
2202 3364 2204 3368 ,

545 3411 622 3524 73.
642 3409 820 3522 Epistola
839 3415 910 3493 Os.
923 3409 1124 3494 Michonii
1143 3413 1195 3493 ad
1213 3411 1400 3508 eundem,
1420 3410 1464 3492 in
1478 3437 1559 3520 qua
1573 3413 1703 3493 multa
1717 3413 1765 3494 de
1783 3415 1899 3496 rebus
1912 3415 2037 3498 eccle-

641 3532 798 3616 srasticis
818 3532 863 3616 in
881 3533 1113 3629 Germania,
1143 3535 1236 3614 data
1254 3531 1409 3614 Bafileae
1431 3537 1529 3616 Dec.
1557 3560 1674 3642 1549,
1696 3553 1739 3645 p.
1754 3561 1847 3645 ²07·

544 3681 612 3767 74.
643 3653 820 3767 Epistola
838 3653 1029 3738 Iohannis
1044 3657 1143 3764 Mey
1159 3655 1209 3735 ad
1225 3656 1413 3752 eundem,
1435 3653 1478 3736 in
1496 3681 1578 3766 qua
1595 3657 1724 3737 multa
1742 3669 1877 3739 narrat
1895 3659 1943 3740 de
1961 3659 2039 3742 drs-

640 3777 852 3889 putatione
869 3793 958 3858 orta
975 3777 1024 3858 de
1041 3793 1187 3858 natura
1204 3775 1349 3858 sancrae
1365 3803 1490 3861 coenae
1509 3795 1550 3858 et
1568 3779 1616 3858 de
1634 3777 1815 3864 moribus
1835 3779 2037 3890 flagitioso

641 3898 847 4008 cujusdam
866 3897 995 3982 Billiei
1011 3896 1201 3982 monachi
1217 3898 1461 3982 Colmenfis:
1490 3901 1583 3982 data
1600 3901 1758 3982 kalend.
1774 3901 1890 4000 Maii,
1918 3909 2036 4013 1546,

632 4038 676 4131 P·
694 4047 785 4130 ²09·
1256 4037 1260 4046 ’

542 4169 570 4252 7
574 4167 611 4251 5.
641 4141 819 4254 Epistola
838 4146 910 4226 Os.
925 4139 1126 4226 Michonii
1146 4144 1196 4225 ad
1214 4141 1399 4240 eundem,
1427 4139 1470 4224 in
1491 4169 1578 4252 qua
1601 4143 1783 4253 deplorat¹
1800 4145 1941 4228 Buceri
1967 4147 2037 4228 ad-

638 4263 789 4348 versam
817 4265 1085 4350 valetudinem
1115 4283 1155 4347 et
1181 4263 1332 4348 tristem
1362 4263 1527 4348 ecclesrae
1546 4264 1844 4374 Argentioensrs
1872 4267 2036 4367 statum,

639 4387 733 4468 data
751 4386 908 4470 Bafileae
928 4416 979 4497 29
995 4386 1112 4486 Maii,
1141 4415 1258 4497 1550,
1282 4406 1324 4498 p.
1343 4413 1437 4470 211.
1886 4497 1887 4500 .

542 4508 609 4620 76.
637 4507 815 4620 Epistola
830 4509 996 4619 Georgii
1008 4509 1176 4617 Maioris
1197 4511 1245 4592 ad
1265 4513 1465 4592 Bucerum
1481 4509 1530 4590 de
1545 4510 1648 4592 statu
1664 4537 1797 4592 rerum
1813 4509 2036 4624 ecclefiasti-

637 4657 776 4714 carum
794 4629 838 4713 in
857 4631 1075 4714 Germania
1093 4648 1133 4714 et
1151 4631 1200 4713 de
1217 4630 1388 4714 concilio
1409 4633 1581 4741 generali
1600 4633 1916 4742 Wittenrbergae,
1945 4635 2039 4719 data

645 4757 959 4864 19Aug.1550,
981 4771 1133 4865 p.213.
1704 4751 1707 4756 ’

540 4897 609 4985 77.
637 4873 817 4986 Epistola
837 4875 1053 4960 Alexandri
1072 4875 1190 4958 Alesri
1218 4877 1268 4958 ad
1296 4878 1482 4974 eundem,
1513 4874 1555 4958 in
1586 4902 1668 4985 qua
1696 4893 1785 4959 orat
1812 4895 1861 4959 ut
1888 4876 2037 4990 stipen-

638 4997 753 5082 dium
784 4995 856 5079 srbi
889 4999 940 5081 ab
975 4997 1267 5110 archiepiscopo
1302 4997 1539 5112 promiss'um
1568 4998 1800 5082 solvendum
1833 5020 1957 5099 curet,
1997 5021 2038 5086 et

637 5121 767 5204 multa
785 5137 922 5204 narrat
944 5119 994 5202 de
1013 5121 1118 5202 bello
1137 5122 1472 5232 Magdeburgenfi
1491 5138 1532 5205 et
1550 5119 1699 5205 eaeteris
1726 5122 1844 5206 rebus
1865 5127 2039 5208 Germa·

629 5239 752 5342 nicis,
781 5243 875 5326 data
894 5243 974 5330 kal.
992 5247 1097 5356 Sept.
1124 5271 1243 5356 1550,
1265 5263 1308 5356 p.
1327 5273 1419 5356 215.

1762 5367 1831 5482 78.
1860 5367 2039 5481 Epistola
