5000 6264
1139 727 1355 824 CXXIX.
1715 664 1720 674 .
1948 761 2041 859 213

562 951 585 1009 a
591 953 627 1034 3.
658 927 737 1008 Res
760 919 875 1032 gestae
895 945 920 1000 a
937 917 1104 1002 Nennio
1122 915 1295 1028 sapiente
1313 911 1553 1028 compofitae.

562 1075 628 1152 24.
659 1045 754 1126 Vita
778 1039 1002 1126 sanitiffimi
1025 1059 1148 1152 atque
1178 1037 1388 1122 doniffimi
1418 1036 1492 1121 viri
1519 1035 1648 1122 Gilda
1677 1052 1815 1122 autore
1840 1041 2048 1128 Carodoco

656 1161 991 1250 Nancarbanenfi.

1176 1359 1368 1478 CXL.

557 1527 670 1612 Codex
694 1523 976 1608 membranaceus
997 1525 1039 1605 in
1048 1522 1125 1634 fol.
1143 1525 1273 1606 minor.
1291 1525 1399 1634 paulo
1415 1539 1499 1606 ante
1516 1522 1793 1634 conquafitionen
1805 1525 1968 1638 Angh'ae,
1997 1561 2043 1614 en

499 1651 685 1759 vetustiori
703 1649 829 1745 codice,
851 1661 893 1730 ut
909 1643 1060 1728 videtur
1073 1645 1277 1756 descriptus,
1296 1649 1336 1729 in
1354 1675 1419 1758 quo
1437 1647 1675 1741 continentur,

560 1801 594 1856 1.
624 1767 839 1877 Evangelia
858 1785 1046 1878 quatuor,
1067 1769 1268 1850 Saxonice:
1364 1847 1366 1852 ,

625 1895 692 1975 De
716 1891 840 2002 quibus
852 1891 910 2000 stc
935 1889 1028 1972 dicit
1051 1891 1107 1972 (ΙΙ.
1126 1889 1374 1999 Marascallus,
1403 1899 1429 1935 ‘⁸
1446 1893 1558 1971 Hunc
1580 1887 1730 1972 codicem
1755 1907 1791 1972 et
1813 1894 2040 2008 Oxonierfina

626 2025 652 2060 “
672 2015 797 2094 rarius
814 2013 934 2121 repeti
957 2010 1003 2092 ab
1029 2011 1188 2094 invicem
1205 2009 1448 2122 diffinientes,
1463 2010 1751 2122 fhperioremque
1766 2042 1819 2094 eos
1833 2016 2040 2128 vetustatem
2145 2093 2148 2100 .

626 2135 811 2245 “spirare
826 2133 1019 2242 exfflimoi'

621 2257 690 2341 Ad
708 2257 836 2336 calcem
856 2255 1041 2365 evangelii
1053 2252 1251 2366 sicundum
1271 2257 1330 2337 D.
1343 2253 1551 2336 Mattheum
1570 2251 1746 2336 habentur
1762 2254 1851 2354 haec,
1874 2269 1901 2306 “
1916 2261 2037 2360 Finit,

624 2389 651 2424 “
671 2407 787 2458 amen.
806 2377 852 2482 stt
862 2378 921 2482 fic
937 2379 999 2460 hoc
1022 2379 1081 2460 hic
1097 2376 1270 2458 interim:
1300 2379 1383 2482 Ego
1400 2379 1577 2478 AElpnxcus
1586 2375 1721 2486 scripfi
1733 2376 1865 2461 huncl
1846 2379 1979 2464 librum
1996 2385 2039 2466 in

623 2497 871 2638 “monasteria
886 2501 1064 2598 baapomo
1076 2517 1112 2578 et
1129 2497 1210 2580 dedi
1215 2498 1430 2635 obnihcpolao
1439 2497 1667 2604 praepostto··
1682 2498 1764 2699 Qi
1765 2502 1912 2610 scripsit
1926 2505 2039 2586 vivat

622 2621 709 2701 “'m
726 2637 820 2729 pace
845 2620 886 2699 in
908 2617 971 2698 hoc
1000 2619 1124 2700 mundo
1147 2635 1183 2700 et
1205 2620 1246 2698 in
1261 2615 1399 2724 saturo
1414 2615 1534 2726 seculo
1561 2634 1597 2698 et
1625 2617 1692 2728 qui
1716 2619 1805 2727 legit
1831 2623 2013 2732 legator
1995 2655 2037 2708 tn

622 2742 863 2824 “J’eternum

619 2867 665 2946 In
669 2863 802 2972 fronte
818 2860 947 2944 codicis
962 2877 1152 2944 occurrunt
1169 2891 1213 2943 ea
1230 2857 1516 2970 queasequuntur
1532 2859 1717 2958 Santonica,

552 2982 864 3068 aTestificatio
882 2977 1141 3089 ingenuitatis
1160 2978 1339 3088 AElfwigi
1356 2993 1626 3088 cognomento
1645 2979 1758 3080 Rufi,
1777 2981 1848 3095 qui
1867 2982 2035 3098 seipsum

618 3121 768 3186 emerat
788 3103 986 3190 unaJibla
1006 3103 1058 3186 ab
1076 3101 1244 3210 AElffigo
1261 3101 1415 3182 abbate.

550 3259 588 3340 3.
619 3223 863 3309 Testificatio
891 3223 1081 3308 libertatis
1103 3221 1265 3332 Saegifae
1283 3249 1376 3304 cum
1405 3222 1515 3334 prole
1532 3221 1614 3322 sua,
1643 3251 1768 3334 quam
1795 3223 1849 3306 ab
1868 3229 2036 3343 AElffigo

617 3347 759 3430 abbate
776 3364 924 3432 emerat
946 3345 1113 3428 Edricus
1132 3373 1188 3432 aa
1206 3343 1335 3426 Forda
1354 3361 1466 3453 pater
1484 3345 1583 3450 ejus.

547 3501 587 3579 4.
617 3467 859 3550 Testificatio
887 3465 1205 3552 manumiffionia
1234 3463 1389 3550 AElfrici
1423 3469 1517 3549 Scot
1548 3483 1588 3550 et
1612 3468 1798 3580 AEgelnci
1831 3477 1925 3558 Scot
1953 3505 2032 3590 pro

616 3588 771 3696 AElifigi
790 3587 943 3672 abbatis
961 3587 1109 3670 anima

549 3743 586 3824 5.
615 3709 859 3793 Testificatio
875 3707 1191 3792 manumiffionis
1211 3673 1419 3817 Sydefledae
1440 3737 1564 3820 quam
1586 3739 1609 3820 5
1628 3709 1759 3798 solidis
1776 3731 1817 3798 et
1833 3763 1946 3784 --
1962 3719 2031 3804 de-

615 3830 736 3914 nariis
755 3849 903 3914 emerat
921 3858 947 3914 a
962 3831 1142 3915 Iohanne
1155 3829 1336 3943 episeopo
1356 3829 1526 3914 Siwinus
1546 3857 1603 3916 ετ
1620 3834 1845 3920 Lincumbe
1860 3839 2030 3928 Leofwii

613 3953 734 4035 filius.

546 4081 584 4158 ὁ.
614 4073 858 4158 Testificatio
884 4031 1200 4158 manumiffionis
1220 4073 1437 4158 Gunnildae
1456 4073 1662 4160 Thurkilli
1688 4072 1781 4164 filia
1808 4107 1934 4193 quam
1960 4091 2026 4172 Io·

613 4225 735 4280 annes
753 4215 901 4280 emerat
917 4196 1081 4280 dimidia
1098 4195 1212 4278 libra

543 4347 583 4430 7.
612 4317 856 4402 Testificatio
882 4315 1198 4402 manumiffionis
1220 4313 1347 4400 Saewii
1374 4331 1645 4426 cognomento
1670 4321 1792 4433 Hagg
1817 4325 1866 4408 de
1884 4329 2024 4454 Wide-

610 4467 717 4538 cum,
737 4469 808 4550 qua
795 4437 990 4552 'seipsum
1009 4443 1185 4522 lucratus
1205 4439 1260 4522 est
1279 4445 1430 4547 [gabon]
1447 4440 1499 4522 ab
1516 4437 1682 4552 AElffigo
1701 4444 1918 4528 abbate.

542 4561 853 4646 mestificatio
880 4559 1196 4646 manumiffionis
1224 4557 1414 4672 Lifgithae
1439 4588 1494 4645 ετ
1488 4563 1649 4706 Forda
1674 4593 1767 4650 cum
1799 4565 1903 4656 binis
1930 4569 2023 4660 filiis

608 4683 693 4794 ejus
711 4711 784 4798 per
801 4687 993 4768 Ioannem
1011 4683 1251 4798 episcopum

1821 4847 1860 4927 9.
1890 4816 2020 4904 Testi-

536 5098 608 5182 24.]
624 5099 694 5168 Vide
707 5098 754 5166 ct
771 5121 804 5188 3.

534 5201 657 5288 CXL]
672 5205 735 5276 Vn.
753 5205 818 5272 Cat.
835 5201 868 5272 S.
882 5225 917 5292 4.
933 5205 1031 5276 MSS.
1046 5201 1132 5288 Ant!-
1149 5223 1342 5294 nav-27⁵·
