4980 6264
531 805 560 893 ‚2
1295 783 1409 882 I.-

582 985 622 1070 9.
652 957 1005 1048 Commentarium
1036 959 1081 1045 in
1110 957 1288 1074 lingulos
1317 961 1442 1051 libros
1477 959 1619 1054 veteris
1652 984 1693 1052 et
1721 964 1819 1054 novi
1849 969 2076 1060 testamenti

651 1085 861 1200 sumptum
882 1085 1134 1202 exoperibus
1155 1087 1263 1172 beati
1283 1089 1484 1202 Gregorii,
1498 1091 1687 1206 principio
1706 1095 1829 1204 etstne
1847 1097 2073 1181 mutilatum.

1267 1331 1346 1449 ΙΙ.

582 1489 698 1574 Codex
716 1489 1005 1574 membranaceus
1023 1488 1334 1602 neddemsormae,
1363 1489 1498 1576 haudl
1480 1493 1581 1606 longe
1594 1492 1669 1606 post
1686 1495 1968 1608 conquffitioncm
1986 1527 2076 1584 exa·

522 1629 642 1710 ratus,
661 1643 727 1723 qno
745 1613 990 1712 continentur,

580 1734 696 1818 Libri
722 1733 907 1818 canonici
936 1735 1077 1821 veteris
1107 1703 1336 1822 testamenti
1360 1733 1581 1822 secundum
1613 1735 1834 1824 versionem
1867 1743 2075 1853 vulgatam

524 1883 619 1940 curn
640 1855 933 2000 prefationibus
953 1855 1198 1944 Hieronimi.

579 1981 774 2090 Definit
756 2012 798 2064 ru
822 1983 920 2064 libro
941 1981 1034 2092 Μ,
1064 1983 1123 2066 ita
1141 1999 1183 2065 ut
1203 1981 1452 2094 deiderautur
1475 1913 1701 2080 Proverbea,
1729 1982 1875 2094 Pur·
1822 2011 1888 2082 mr,
1915 1985 2077 2072 Cantica

522 2103 771 2208 canticorum,
791 2107 886 2187 Eccl
871 2105 1025 2306 lefiastes,
1045 2105 1174 2187 Paral
1169 2107 1365 2216 eipomena,
1385 2123 1421 2188 et
1439 2133 1552 2188 omnes
1570 2106 1664 2186 libri
1681 2105 1902 2214 Apocryphi.

577 2228 725 2308 Literae
753 2225 920 2308 initiales
937 2226 1070 2334 fingul
1065 2255 1167 2308 orum
1199 2227 1375 2312 librorum
1408 2257 1500 2311 auro
1528 2227 1744 2336 diversisque
1775 2225 1949 2308 coloribus
1976 2231 2074 2310 niti·

521 2349 653 2458 elifflme
677 2366 870 2446 ornantur,
903 2368 939 2432 et
961 2349 1124 2458 quedam
1151 2350 1284 2434 babent
1307 2353 1457 2463 effigiem
1484 2351 1626 2434 autoris
1655 2349 1841 2458 eleganter
1866 2349 2073 2459 depictam:

513 2488 600 2579 prce
619 2473 762 2552 caeteris
782 2473 920 2556 enitent
939 2470 1021 2556 nee
1039 2471 1322 2557 illuminationes
1346 2474 1454 2556 libris
1473 2475 1722 2556 Numerarem
1742 2491 1779 2554 et
1796 2473 2075 2556 Deuteronomii

512 2595 694 2704 erere·

1160 2789 1275 2938 111,
1307 2791 1416 2910 ιν.

574 2956 665 3037 Duo
697 2952 830 3034 codices
862 2949 1139 3046 membranacei,
1167 2950 1393 3060 praecedenti
1421 2967 1457 3030 et
1477 2949 1611 3058 sorum
1643 2964 1679 3028 et
1709 2953 1899 3032 carattere
1917 2949 2071 3058 slmiles,

518 3075 639 3162 literis
663 3071 873 3156 initialibus
897 3071 1117 3157 illuminatis
1128 3069 1202 3180 fid
1216 3069 1401 3174 venustate
1417 3073 1530 3180 paulo
1554 3068 1794 3179 infitioribus
1803 3071 1984 3180 fimiliter
2009 3101 2071 3155 or·

516 3201 613 3296 nati,
634 3197 940 3308 eodemqueseculo
958 3197 1122 3292 exarati,
1143 3194 1274 3302 quibus
1292 3193 1536 3292 continentur,

570 3319 700 3404 Biblia
718 3321 883 3428 vulgata
902 3347 997 3401 cum
1017 3313 1313 3428 prefationibus
1335 3313 1581 3400 Hieronimi.

569 3445 723 3526 Praeter
748 3441 859 3522 libros
885 3443 925 3522 in
944 3469 1111 3520 canonem
1131 3437 1241 3548 vulgo
1260 3457 1414 3550 receptos
1432 3459 1468 3521 et
1491 3439 1601 3520 libros
1619 3435 1844 3548 apocryphos,
1866 3435 2071 3546 insecundo

511 3569 696 3652 volumine
714 3563 870 3648 babetur
889 3563 1052 3675 epistola
1070 3561 1185 3646 Puuli
1205 3563 1256 3645 ad
1275 3561 1547 3647 Laodicenles.

1049 3877 1058 3892 ι
1167 3808 1253 3952 V,
1283 3805 1392 3932 Vl.

567 3981 658 4060 Duo
676 3971 808 4068 codices
825 3968 1092 4054 membranacei
1110 3967 1151 4050 in
1165 3967 1264 4078 silio
1284 3965 1434 4082 majori,
1443 3965 1565 4074 stculo
1583 3994 1637 4049 xv
1653 3965 1819 4066 exarati,
1837 3967 1965 4078 quibem
1982 3993 2068 4049 con·

510 4119 732 4304 mibiiiuis
752 4197 1107 4304 Tinmutniensrs
1122 4197 1289 4290 him
1307 4228 1438 4300 aurei

564 4337 612 4418 In
631 4331 756 4441 primo
773 4324 956 4408 volumine
974 4323 1097 4404 tradit
1122 4321 1307 4430 bisloriam
1327 4325 1482 4436 sacram
1501 4341 1536 4405 et
1549 4319 1749 4432 prosecnam
1772 4349 1798 4400 a
1816 4317 1998 4406 creatione
2013 4321 2067 4404 ad

509 4455 803 4550 Diocletianum,
827 4466 863 4530 et
882 4448 923 4528 in
933 4445 1090 4556 secundo
1108 4446 1395 4534 aDiocletiano·
1409 4447 1463 4527 ad
1476 4473 1612 4525 anuum
1633 4441 1775 4548 Christi
1802 4469 1907 4555 1377
1919 4483 1932 4540 3
1961 4441 2068 4524 haud

510 4598 630 4661 tomen
649 4570 914 4686 erffirrnooerim
939 4567 1053 4678 ipficm
1076 4571 1243 4652 Ioannem
1267 4567 1454 4673 historiam
1467 4567 1580 4676 secam
1608 4563 1711 4646 ultra
1741 4591 1845 4674 1347
1869 4563 2058 4674 deduxrffl,
2088 4615 2093 4624 -

1978 4716 2061 4772 cum

563 5020 626 5103 11.]
644 5019 706 5091 Vct.
725 5021 792 5084 Cot.
809 5015 885 5082 Sub.
902 5012 942 5079 C.
962 5033 992 5080 2.
1009 5013 1105 5080 MSS.
1123 5013 1208 5096 Ange.
1231 5011 1432 5098 1624-357.

560 5125 620 5190 ΙΙΙ.
637 5124 714 5212 IV.]
731 5125 782 5194 Vct
797 5127 864 5193 Cat.
881 5122 958 5188 Sub.
977 5119 1017 5191 C.
1034 5141 1071 5205 42
1082 5137 1114 5215 55
1130 5121 1227 5191 MSS.
1244 5121 1331 5203 Angl-
1351 5121 1553 5210 1626-359.

562 5231 606 5298 V.
624 5230 700 5316 VL]
717 5233 782 5304 Ver.
799 5235 867 5302 Cet.
886 5229 961 5298 Sub.
977 5227 1017 5297 B.
1036 5251 1064 5297 ι.
1082 5249 1113 5296 2.
1131 5226 1228 5297 MSS.
1245 5229 1331 5314 Aegl.
1351 5230 1552 5317 1614-347.
1601 5223 1803 5312 1615-348.
