4980 6264
530 1000 596 1057 21.
625 973 871 1081 Excerptum
900 993 948 1048 ex
971 969 1125 1048 Ioanne
1142 962 1429 1064 Sarisbun'ensr,
1457 966 1654 1074 Metolog.
1678 964 1748 1050 lib.
1766 964 1818 1066 iv,
1842 992 1929 1079 cap.
1951 993 2019 1074 42.

625 1092 826 1174 decadem
847 1116 902 1186 re,
925 1107 967 1198 p.
993 1117 1081 1196 190.
1249 1161 1251 1166 .

528 1243 594 1300 22.
623 1213 790 1296 Extra&
820 1210 927 1293 from
961 1209 1149 1291 Cardinal
1181 1208 1332 1292 Poole’s
1362 1207 1499 1320 speech
1533 1207 1668 1294 before
1703 1211 1772 1296 the
1807 1211 1907 1322 iring
1940 1211 2019 1294 and

625 1363 756 1446 queen
773 1352 817 1415 to
834 1333 904 1413 the
920 1331 1024 1413 same
1041 1329 1224 1442 purpose,
1247 1348 1289 1440 p.
1315 1359 1404 1439 191.

524 1485 589 1569 23.
618 1463 755 1540 Terrae
773 1453 1014 1566 pertinentes
1036 1454 1085 1534 ad
1103 1481 1235 1562 regem
1256 1453 1410 1552 Scotiae,
1435 1472 1476 1564 p.
1504 1481 1592 1563 192.

527 1607 594 1685 24.
622 1577 858 1661 Derivation
876 1575 925 1658 of
939 1603 1084 1687 proper
1103 1603 1240 1658 names
1261 1575 1522 1686 terminating
1540 1576 1583 1658 in
1589 1577 1670 1688 stin,
1701 1575 1791 1660 ibid.

478 1795 481 1798 ¹
529 1729 551 1782 2
558 1728 595 1808 ς.
624 1700 834 1796 Proverbs,
857 1699 936 1780 and
956 1700 1059 1780 rules
1079 1696 1145 1779 sor
1162 1697 1352 1806 grafting,
1383 1699 1473 1780 ibid.

528 1825 594 1906 26.
623 1821 686 1906 of
706 1821 819 1904 Saint
839 1820 1062 1929 Augustine
1091 1819 1348 1930 [archbishop
1367 1820 1415 1902 of
1430 1819 1701 1930 Canterbury]
1731 1819 1854 1902 taken
1878 1837 1952 1904 out
1976 1819 2026 1904 os

627 1973 680 2028 an
700 1943 869 2028 abstrait
888 1946 1026 2026 drawn
1045 1961 1119 2024 out
1137 1941 1186 2024 of
1198 1942 1266 2023 the
1284 1941 1518 2041 chronicles,
1540 1961 1583 2056 p.
1609 1973 1699 2053 193·

530 2095 596 2180 27.
627 2067 844 2176 Catalogus
864 2065 1139 2176 episcoporum
1161 2082 1201 2146 et
1221 2064 1537 2176 patriarcharum
1561 2064 1951 2148 Hierosolimitarum
1973 2065 2025 2146 ab

536 2291 541 2300 ι
625 2187 844 2272 ascensione
863 2185 1033 2270 Domini
1054 2186 1178 2270 nostri
1207 2187 1257 2268 ad
1279 2189 1496 2271 adventum
1514 2193 1764 2272 Francorum
1782 2187 1961 2300 primum
1979 2187 2024 2273 iu

626 2309 841 2394 subsrdium
859 2309 967 2392 illius
986 2327 1100 2391 terrae
1119 2307 1276 2407 sandtae,
1298 2329 1341 2421 p.
1367 2309 1456 2419 196.

529 2436 595 2518 28.
623 2433 767 2516 Versus
786 2434 835 2515 de
853 2459 942 2540 rege
962 2431 1134 2514 Ricardo
1154 2435 1185 2530 I,
1207 2451 1250 2542 p.
1276 2459 1364 2542 197.

530 2584 597 2665 29.
626 2555 804 2668 Epistola
822 2553 952 2664 prima
966 2551 1173 2635 Volufiani
1190 2553 1510 2661 Carthaginenfis
1527 2554 1699 2666 episcopi
1713 2558 1763 2638 ad
1776 2555 2025 2640 Nicholaum

626 2681 660 2760 I.
687 2681 920 2792 Romanum
937 2673 1171 2787 pontificem
1185 2675 1235 2756 de
1250 2675 1510 2758 matrimonio
1527 2677 1764 2760 clericorum
1783 2677 1886 2760 circa
1904 2683 1955 2760 A.
1970 2682 2023 2762 D.

628 2801 680 2881 86
713 2863 723 2896 ,
780 2827 902 2882 .201.

529 2953 594 3035 30.
623 2818 777 3005 Asserap
781 2921 945 3032 epistola
959 2917 1167 3002 Volustani
1185 2917 1507 3028 Carthaginensrs
1526 2920 1697 3034 episcopi
1711 2923 1762 3004 ad
1776 2919 2025 3006 Nicholaum

626 3048 658 3127 I.
690 3049 926 3126 Romanum
952 3039 1187 3153 pontificem
1206 3040 1310 3124 circa
1327 3049 1378 3124 A.
1395 3045 1449 3124 D.
1472 3042 1522 3122 86
1528 3073 1565 3151 5,
1590 3072 1664 3156 pro
1684 3042 1945 3128 matrimonio
1965 3047 2023 3131 sa-

625 3171 848 3263 cerdotum,
870 3183 913 3275 p.
935 3168 1026 3248 206.

528 3319 595 3404 31.
624 3288 881 3399 Itinerarium
893 3289 978 3398 five
1005 3286 1104 3370 liber
1131 3285 1456 3370 memorabilium
1484 3283 1682 3368 Willelmi
1712 3289 1760 3372 de
1784 3287 2023 3376 Worcester.

651 3439 776 3496 .221.

530 3563 595 3648 32.
617 3430 688 3618 ik
707 3531 861 3642 virgine
886 3533 936 3614 ab
962 3559 1051 3641 rege
1069 3533 1230 3642 Edgaro
1246 3531 1397 3615 violata
1421 3548 1460 3614 et
1487 3527 1709 3642 penitentia
1727 3529 1809 3642 regi
1838 3532 2024 3645 imposua

624 3684 693 3768 per
712 3659 750 3739 S.
772 3655 1045 3752 Dunstanum,
1066 3685 1110 3737 ex
1127 3657 1266 3738 cronico
1282 3685 1409 3764 magno
1427 3657 1571 3738 Ioannis
1591 3655 1812 3766 Pariſsetfis,
1835 3674 1877 3765 p.
1902 3683 1994 3768 291.

529 3805 596 3890 33.
626 3778 719 3890 Α1ἰ2
735 3795 917 3890 excerpta
934 3809 978 3860 ex
994 3777 1106 3860 eodem
1123 3780 1261 3860 cronico
1278 3777 1327 3858 de
1346 3783 1385 3858 S.
1401 3777 1631 3876 Dunstano,
1650 3781 1725 3860 &o
1753 3779 1844 3860 ibid.

527 3931 592 4014 34.
624 3903 686 3983 De
705 3899 965 3982 coronatione
984 3898 1152 3982 Henrici
1169 3897 1434 4010 imperatoris,
1454 3930 1498 3981 ex
1518 3903 1567 3982 G.
1584 3901 1811 4009 Coventrerfi
1824 3902 2022 3986 adamum

630 4051 747 4132 1191,
769 4041 812 4132 p.
835 4049 927 4132 293.

528 4173 548 4254 3
557 4171 593 4254 5.
623 4145 800 4256 Epistola
834 4140 1002 4226 Gerardi
1036 4141 1291 4226 Eboracenfis
1326 4144 1376 4226 ad
1407 4143 1643 4228 Anselmum
1679 4145 2020 4245 Cantuariensem‚

622 4265 761 4378 inqua
781 4265 920 4349 multis
941 4265 1124 4377 queritur
1139 4267 1248 4374 quod
1265 4266 1447 4348 canonici
1466 4265 1632 4352 ecclefiae
1650 4267 1728 4349 suae
1745 4288 1886 4350 votum
1907 4269 2021 4352 casti-

622 4390 716 4472 tatis
736 4391 797 4471 vel
818 4387 1035 4487 violarunt,
1060 4387 1122 4470 vel
1139 4387 1317 4500 profiteri
1335 4375 1579 4488 recusarunt,
1599 4419 1643 4472 ex
1658 4393 1778 4474 veteri
1791 4392 1884 4474 libro
1901 4391 2020 4502 Epist.

620 4512 796 4623 Anselmi,
826 4510 916 4592 ibid.

525 4635 591 4746 36.
621 4638 744 4716 Carta
757 4631 858 4741 regis
874 4629 1022 4741 Edgari
1035 4628 1144 4714 faur
1156 4631 1322 4716 ecclesiae
1337 4631 1524 4743 Wigom.
1541 4633 1663 4719 citata
1677 4659 1747 4746 per
1762 4627 2018 4744 inspeximuS,

620 4773 660 4840 et
678 4753 914 4839 confirmata
933 4783 957 4838 2
974 4779 1065 4866 rege
1083 4754 1295 4856 Edwardo,
1318 4776 1361 4869 p.
1383 4785 1433 4866 29
1438 4785 1476 4868 ς.

452 5237 457 5244 .
523 5171 593 5259 31.]
610 5173 679 5242 Vide
693 5172 801 5240 CCX.

522 5265 593 5355 35]
610 5268 680 5340 Vade
694 5267 786 5338 CXI.
807 5289 876 5360 135.
893 5267 1034 5340 CXVII.
1051 5288 1082 5340 2.
1099 5265 1277 5337 CXXXV.
1292 5288 1324 5356 4.
