5054 6256
950 883 952 890 ,
1070 791 1399 922 CXXXVIII.
1944 827 2040 898 211w

542 1011 583 1094 7.
611 980 893 1092 Excerptiones
914 981 962 1062 de
982 980 1145 1086 historia
1164 980 1375 1066 Wilhelmi
1389 977 1663 1064 Gemiticensrs
1684 980 1734 1066 de
1751 980 1868 1092 gestis
1886 984 2040 1076 ducum

611 1109 960 1200 Normannorum,
986 1121 1025 1212 p.
1046 1109 1136 1212 167.
1352 1165 1355 1172 .

544 1229 580 1308 8.
611 1225 731 1307 Liber
747 1221 946 1307 corallus
970 1228 1017 1306 de
1046 1225 1149 1340 libro
1166 1224 1237 1334 qui
1257 1223 1403 1306 dicitur
1423 1223 1714 1334 Vanlographo.
1730 1221 1802 1306 i.'e''.
1819 1225 2035 1336 imperialis

610 1347 816 1458 scriptura,
832 1375 954 1458 quarn
971 1347 1107 1428 Sibilla
1121 1347 1285 1428 Erithea
1299 1346 1528 1428 Babilonica
1539 1346 1718 1428 condidit
1732 1348 1782 1428 ad
1797 1348 2032 1457 petitionem

506 1497 512 1508 ·
611 1475 862 1566 Graecorum,
889 1469 973 1580 ipsa
999 1459 1147 1550 Priarni
1175 1470 1276 1577 regis
1298 1467 1433 1572 Trojae
1458 1467 1567 1565 filino
1594 1497 1716 1578 quern
1736 1471 1897 1552 Vedoxa
1926 1471 2030 1584 peri-

608 1591 775 1672 tiffimus
810 1609 922 1701 pater·
955 1590 999 1672 in
1031 1595 1220 1672 Graecum
1253 1589 1457 1671 transtulit
1489 1590 1537 1670 de
1570 1588 1744 1686 Caldeo'i
1784 1593 1945 1674 tandem
1981 1596 2032 1676 ‹lo

606 1713 755 1794 errario
767 1712 1000 1794 Emanuelis
1017 1712 1264 1822 imperatoris
1278 1717 1514 1794 Graecorum
1529 1711 1681 1796 editum
1698 1715 1902 1822 Eugenius
1918 1715 2030 1825 regni
2071 1707 2074 1714 ⁴

610 1835 753 1916 Siciliae
770 1834 985 1947 admiralus
1005 1836 1053 1916 de
1072 1838 1215 1915 Graeco
1233 1821 1447 1928 transtulit,
1471 1850 1513 1941 p.
1532 1861 1621 1942 179.

541 1988 578 2070 9.
609 1957 824 2038 Nonnulla
841 1955 918 2036 alia
937 1955 1108 2061 ejusdem
1126 1955 1265 2038 farinae
1284 1982 1331 2036 ex
1351 1957 1501 2035 Ioanne
1520 1955 1570 2034 de
1589 1954 1824 2063 Rupescifl'a‚
1846 1976 1888 2070 p.
1909 1958 1997 2046 180.

544 2105 605 2160 10.
635 2077 826 2160 Narratio
839 2078 1023 2187 quaedam
1043 2079 1091 2158 de
1111 2076 1262 2186 virgine
1282 2066 1544 2158 in'territorio
1559 2077 1776 2177 Leodiensr,
1797 2107 1888 2188 quae
1903 2079 2028 2164 mira..
2186 2068 2190 2076 ’

609 2201 701 2281 cula
718 2215 832 2282 muta
852 2199 960 2298 fecit,
981 2200 1123 2310 scripta
1140 2227 1211 2311 per
1231 2197 1466 2310 Philippum
1484 2198 1531 2278 de
1550 2199 1755 2296 Claraeval,
1776 2221 1819 2312 p.
1839 2203 1884 2282 18
1890 2230 1928 2310 5.

544 2351 606 2406 11.
635 2321 767 2402 Brevis
800 2319 963 2404 historia
990 2321 1265 2434 episcoporum
1291 2317 1534 2406 Lindisfarn.
1560 2337 1601 2404 et
1627 2323 1775 2406 Dunel.
1802 2323 1852 2406 ab
1871 2325 2029 2413 Adamo

636 2444 687 2522 ad
706 2441 923 2524 Ricardum
944 2443 991 2522 ‹le
1013 2447 1134 2550 Bury,
1156 2464 1198 2554 p.
1219 2471 1307 2552 193·
1598 2435 1601 2442 ’

543 2590 605 2648 12.
636 2563 826 2644 Succeffio
846 2563 1120 2672 episcoporum
1139 2565 1261 2646 Ebor.
1284 2581 1326 2671 p.
1342 2589 1387 2642 21
1401 2591 1434 2643 r.

543 2713 604 2792 13.
634 2683 832 2767 Procellus
854 2703 994 2765 contra
1013 2682 1256 2796 templarios,
1281 2701 1321 2790 p.
1339 2711 1430 2788 214.

541 2835 602 2912 14.
633 2803 765 2886 Brovis
792 2804 953 2888 historia
973 2805 1130 2914 Angliae
1158 2806 1209 2888 ab
1232 2805 1406 2886 adventu
1427 2809 1630 2888 Saxonum
1660 2805 1709 2893 ad
1728 2805 1952 2896 Henricurn
1971 2813 2025 2898 11.
2076 2831 2079 2842 '

627 2943 775 3035 aas·
1539 3011 1547 3026 .
1786 2949 1790 2960 ·

542 3075 603 3158 15.
632 3047 819 3157 Epistola
847 3047 951 3134 inter
979 3048 1262 3132 Innocentium
1289 3075 1437 3160 papam
1452 3051 1525 3136 Vl.
1550 3066 1590 3132 evt
1607 3050 1849 3139 Edwardum
1877 3049 2025 3168 princi-

632 3196 725 3280 pem
745 3169 904 3252 Walliae
923 3170 971 3252 de
990 3197 1086 3280 pace
1105 3175 1224 3254 A.D.
1247 3199 1262 3251 1
1271 3199 1291 3280 3
1300 3199 1321 3278 5
1328 3199 1364 3282 5.

1070 3327 1438 3484 cxxxix.

471 3511 473 3516 Ι
533 3528 647 3612 Codex
666 3527 948 3610 membranaceus
967 3527 1007 3609 in
1012 3531 1122 3638 fhlio,
1131 3521 1249 3640 siculo
1267 3529 1344 3610 xiii
1349 3529 1524 3640 scriptus,
1546 3531 1668 3639 inquo
1688 3531 1924 3628 continentur,

539 3677 574 3732 1.
604 3649 780 3731 Historia
809 3649 1043 3732 omnimoda
1072 3651 1122 3730 ab
1149 3651 1245 3732 orbe
1276 3650 1440 3732 condito
1470 3652 1518 3731 ad
1551 3677 1721 3758 regnum
1752 3651 1930 3748 Davidis,
1962 3659 2026 3734 cui

586 3771 851 3883 firbnebluntur
878 3769 1044 3852 nomina
1071 3769 1310 3882 pontificum
1333 3777 1613 3854 Romanorum
1635 3799 1659 3870 a
1679 3777 1716 3854 S.
1731 3775 1849 3854 Petro
1871 3775 1921 3862 ad
1941 3779 2021 3856 Ca.

599 3891 747 3974 lixtum
766 3896 819 3973 ΙΙ.
1221 3983 1225 3991 ,

441 4095 445 4104 ,
532 4042 570 4100 2.
599 4012 771 4094 Cronica
801 4011 955 4094 abbatis
981 4012 1219 4098 Prumiensrs
1247 4013 1473 4098 monasterii
1505 4043 1529 4097 a
1554 4014 1714 4100 Christo
1741 4032 1840 4126 nato
1869 4017 1918 4096 ad
1947 4044 2021 4108 an·

600 4163 703 4218 num
728 4163 844 4218 1002.
1626 4132 1630 4140 ’

532 4288 569 4369 3.
599 4249 777 4338 Historia
803 4257 881 4368 piae
907 4253 1111 4340 memoria
1139 4253 1299 4342 Ricardi
1329 4257 1472 4370 prioris
1500 4257 1821 4365 Hagustaldenfis
1851 4258 2017 4352 ecclefiae

598 4379 647 4460 de
665 4377 778 4485 gestis
800 4378 900 4486 regis
920 4378 1109 4490 Stephani
1127 4381 1232 4460 etde
1254 4380 1358 4462 bello
1378 4379 1613 4464 standardii.

530 4532 571 4608 4.
602 4498 774 4582 Cronica
794 4499 844 4580 ab
864 4501 1022 4581 Adamo
1042 4501 1092 4582 ad
1110 4500 1333 4584 Henricum
1353 4505 1405 4586 V.
1426 4501 1727 4614 imperatorum.

531 4654 569 4734 5.
599 4619 781 4733 Epistola
811 4620 1004 4703 Simeonis
1037 4622 1224 4705 monachi
1256 4619 1421 4706 ecclefiae
1451 4625 1717 4708 &cuthberti
1747 4624 1940 4709 Dunelmi
1969 4629 2020 4710 ad

508 4773 515 4782 ·
598 4731 823 4854 Hugonem¹
837 4745 1033 4830 decanum
1052 4744 1337 4829 Eboracensern
1356 4745 1405 4828 de
1422 4745 1719 4860 archiepiscopis
1741 4747 1923 4830 Eboraci.

1886 4873 2016 4956 6.Do
2129 4907 2133 4915 *

440 5178 444 5191 ·
529 5137 579 5226 7.]
596 5139 665 5207 Vide
678 5135 868 5202 CLXXXI.
889 5157 916 5203 ι.
1240 5223 1242 5228 Α

528 5232 739 5315 CXXXIX]
757 5233 820 5302 Va.
836 5233 904 5300 Cot.
919 5231 958 5301 F.
976 5251 1008 5319 5.
1024 5230 1121 5302 MSS·
1138 5235 1223 5402 Arg.
1239 5257 1264 5402 t1¹
1266 5233 1425 5402 321-64.
