<?xml version="1.0" encoding="UTF-8"?>
<!DOCTYPE html PUBLIC "-//W3C//DTD XHTML 1.0 Transitional//EN"
    "http://www.w3.org/TR/xhtml1/DTD/xhtml1-transitional.dtd">
<html xmlns="http://www.w3.org/1999/xhtml" xml:lang="en" lang="en">
 <head>
  <title>
</title>
<meta http-equiv="Content-Type" content="text/html;charset=utf-8" />
  <meta name='ocr-system' content='tesseract 3.04.00' />
  <meta name='ocr-capabilities' content='ocr_page ocr_carea ocr_par ocr_line ocrx_word'/>
</head>
<body>
  <div class='ocr_page' id='page_1' title='image "./cataloguslibror00nasmgoog_0403.png"; bbox 0 0 4994 6264; ppageno 0'>
   <div class='ocr_carea' id='block_1_1' title="bbox 358 731 1468 876">
    <p class='ocr_par' dir='ltr' id='par_1_1' title="bbox 358 731 1468 876">
     <span class='ocr_line' id='line_1_1' title="bbox 358 731 1468 876; baseline 0.007 -51"><span class='ocrx_word' id='word_1_1' title='bbox 358 873 365 876; x_wconf 20' lang='grc'>-</span> <span class='ocrx_word' id='word_1_2' title='bbox 516 735 611 855; x_wconf 74' lang='lat'><em>388</em></span> <span class='ocrx_word' id='word_1_3' title='bbox 1154 731 1468 833; x_wconf 77' lang='lat' dir='ltr'><em>cccoxov.</em></span> 
     </span>
    </p>
   </div>
   <div class='ocr_carea' id='block_1_2' title="bbox 567 910 2132 2701">
    <p class='ocr_par' dir='ltr' id='par_1_2' title="bbox 567 910 2132 2701">
     <span class='ocr_line' id='line_1_2' title="bbox 633 910 1880 1033; baseline 0.01 -39"><span class='ocrx_word' id='word_1_4' title='bbox 633 910 729 994; x_wconf 78' lang='lat' dir='ltr'><em>Trio</em></span> <span class='ocrx_word' id='word_1_5' title='bbox 747 911 894 1024; x_wconf 83' lang='lat' dir='ltr'><em>diversto</em></span> <span class='ocrx_word' id='word_1_6' title='bbox 913 930 1020 1020; x_wconf 86' lang='lat' dir='ltr'><em>opero</em></span> <span class='ocrx_word' id='word_1_7' title='bbox 1040 939 1120 1024; x_wconf 82' lang='lat' dir='ltr'><em>qun</em></span> <span class='ocrx_word' id='word_1_8' title='bbox 1140 913 1315 1021; x_wconf 80' lang='lat' dir='ltr'><em>Gervasto</em></span> <span class='ocrx_word' id='word_1_9' title='bbox 1335 915 1446 1023; x_wconf 73' lang='lat' dir='ltr'><em>vuigro</em></span> <span class='ocrx_word' id='word_1_10' title='bbox 1463 915 1737 1018; x_wconf 83' lang='lat' dir='ltr'><em>attribuuntur,</em></span> <span class='ocrx_word' id='word_1_11' title='bbox 1758 940 1880 1033; x_wconf 82' lang='lat' dir='ltr'><em>nempe</em></span> 
     </span>
     <span class='ocr_line' id='line_1_3' title="bbox 759 1033 1789 1144; baseline 0.008 -30"><span class='ocrx_word' id='word_1_12' title='bbox 759 1033 1042 1116; x_wconf 85' lang='lat' dir='ltr'><em>Commentarius</em></span> <span class='ocrx_word' id='word_1_13' title='bbox 1061 1033 1104 1114; x_wconf 93' lang='lat' dir='ltr'><em>de</em></span> <span class='ocrx_word' id='word_1_14' title='bbox 1122 1034 1246 1141; x_wconf 85' lang='lat' dir='ltr'><em>regnis</em></span> <span class='ocrx_word' id='word_1_15' title='bbox 1264 1035 1525 1144; x_wconf 84' lang='lat' dir='ltr'><em>imperatorum</em></span> <span class='ocrx_word' id='word_1_16' title='bbox 1546 1039 1789 1122; x_wconf 83' lang='lat' dir='ltr'><em>Romanorum</em></span> 
     </span>
     <span class='ocr_line' id='line_1_4' title="bbox 756 1153 1176 1266; baseline 0.005 -32"><span class='ocrx_word' id='word_1_17' title='bbox 756 1153 897 1236; x_wconf 85' lang='lat' dir='ltr'><em>Mundi</em></span> <span class='ocrx_word' id='word_1_18' title='bbox 914 1153 1118 1266; x_wconf 84' lang='lat' dir='ltr'><em>descriptio,</em></span> <span class='ocrx_word' id='word_1_19' title='bbox 1139 1173 1176 1236; x_wconf 90' lang='lat' dir='ltr'><em>et</em></span> 
     </span>
     <span class='ocr_line' id='line_1_5' title="bbox 760 1271 1421 1358; baseline 0.008 -5"><span class='ocrx_word' id='word_1_20' title='bbox 760 1271 962 1358; x_wconf 66' lang='lat' dir='ltr'><em>Tradatus</em></span> <span class='ocrx_word' id='word_1_21' title='bbox 980 1276 1023 1358; x_wconf 88' lang='lat' dir='ltr'><em>de</em></span> <span class='ocrx_word' id='word_1_22' title='bbox 1040 1273 1274 1358; x_wconf 85' lang='lat' dir='ltr'><em>mirabilibus</em></span> <span class='ocrx_word' id='word_1_23' title='bbox 1293 1277 1421 1358; x_wconf 87' lang='lat' dir='ltr'><em>nundi</em></span> 
     </span>
     <span class='ocr_line' id='line_1_6' title="bbox 634 1392 1528 1502; baseline 0.001 -28"><span class='ocrx_word' id='word_1_24' title='bbox 634 1392 755 1474; x_wconf 87' lang='lat' dir='ltr'><em>onnia</em></span> <span class='ocrx_word' id='word_1_25' title='bbox 773 1393 814 1474; x_wconf 89' lang='lat' dir='ltr'><em>in</em></span> <span class='ocrx_word' id='word_1_26' title='bbox 833 1393 889 1474; x_wconf 81' lang='lat' dir='ltr'><em>his</em></span> <span class='ocrx_word' id='word_1_27' title='bbox 908 1396 994 1478; x_wconf 88' lang='lat' dir='ltr'><em>otiis</em></span> <span class='ocrx_word' id='word_1_28' title='bbox 1012 1394 1266 1502; x_wconf 78' lang='lat' dir='ltr'><em>imperialibus</em></span> <span class='ocrx_word' id='word_1_29' title='bbox 1284 1396 1528 1494; x_wconf 87' lang='lat' dir='ltr'><em>continentur,</em></span> 
     </span>
     <span class='ocr_line' id='line_1_7' title="bbox 568 1514 1319 1627; baseline 0.005 -33"><span class='ocrx_word' id='word_1_30' title='bbox 568 1539 605 1594; x_wconf 90' lang='lat'><em>2.</em></span> <span class='ocrx_word' id='word_1_31' title='bbox 636 1515 734 1596; x_wconf 88' lang='lat' dir='ltr'><em>Vita</em></span> <span class='ocrx_word' id='word_1_32' title='bbox 753 1514 972 1598; x_wconf 86' lang='lat' dir='ltr'>Alexandri</span> <span class='ocrx_word' id='word_1_33' title='bbox 996 1516 1146 1624; x_wconf 86' lang='lat' dir='ltr'><em>magni,</em></span> <span class='ocrx_word' id='word_1_34' title='bbox 1168 1533 1212 1627; x_wconf 91' lang='lat' dir='ltr'><em>p.</em></span> <span class='ocrx_word' id='word_1_35' title='bbox 1227 1542 1319 1624; x_wconf 89' lang='lat'><strong>249.</strong></span> 
     </span>
     <span class='ocr_line' id='line_1_8' title="bbox 567 1633 1504 1748; baseline 0 -32"><span class='ocrx_word' id='word_1_36' title='bbox 567 1661 605 1738; x_wconf 83' lang='lat'><em>3.</em></span> <span class='ocrx_word' id='word_1_37' title='bbox 635 1633 814 1746; x_wconf 84' lang='lat' dir='ltr'><em>Turpini</em></span> <span class='ocrx_word' id='word_1_38' title='bbox 835 1634 997 1720; x_wconf 84' lang='lat' dir='ltr'><em>historia</em></span> <span class='ocrx_word' id='word_1_39' title='bbox 1018 1635 1153 1720; x_wconf 84' lang='lat' dir='ltr'><em>Caroli</em></span> <span class='ocrx_word' id='word_1_40' title='bbox 1174 1636 1326 1748; x_wconf 88' lang='lat' dir='ltr'><em>magni,</em></span> <span class='ocrx_word' id='word_1_41' title='bbox 1348 1653 1392 1746; x_wconf 91' lang='lat' dir='ltr'><em>p.</em></span> <span class='ocrx_word' id='word_1_42' title='bbox 1409 1661 1461 1746; x_wconf 88' lang='lat'><em>27</em></span> <span class='ocrx_word' id='word_1_43' title='bbox 1467 1662 1504 1744; x_wconf 80' lang='grc' dir='ltr'><em>ς.</em></span> 
     </span>
     <span class='ocr_line' id='line_1_9' title="bbox 568 1751 2058 1872; baseline 0.006 -33"><span class='ocrx_word' id='word_1_44' title='bbox 568 1783 609 1858; x_wconf 82' lang='lat'><em>4·</em></span> <span class='ocrx_word' id='word_1_45' title='bbox 640 1755 800 1858; x_wconf 71' lang='lat' dir='ltr'><em>Daretis</em></span> <span class='ocrx_word' id='word_1_46' title='bbox 821 1753 985 1864; x_wconf 85' lang='lat' dir='ltr'><em>Phrygii</em></span> <span class='ocrx_word' id='word_1_47' title='bbox 1009 1757 1058 1836; x_wconf 90' lang='lat' dir='ltr'><em>de</em></span> <span class='ocrx_word' id='word_1_48' title='bbox 1077 1754 1232 1839; x_wconf 85' lang='lat' dir='ltr'><em>excidio</em></span> <span class='ocrx_word' id='word_1_49' title='bbox 1251 1753 1388 1862; x_wconf 86' lang='lat' dir='ltr'><em>Trojae</em></span> <span class='ocrx_word' id='word_1_50' title='bbox 1407 1751 1585 1852; x_wconf 80' lang='lat' dir='ltr'><em>historia,</em></span> <span class='ocrx_word' id='word_1_51' title='bbox 1606 1752 1797 1840; x_wconf 85' lang='lat' dir='ltr'><em>Cornelio</em></span> <span class='ocrx_word' id='word_1_52' title='bbox 1817 1757 1976 1872; x_wconf 88' lang='lat' dir='ltr'><strong>Nepote</strong></span> <span class='ocrx_word' id='word_1_53' title='bbox 1994 1761 2058 1848; x_wconf 87' lang='lat' dir='ltr'><em>in·</em></span> 
     </span>
     <span class='ocr_line' id='line_1_10' title="bbox 636 1889 1122 1982; baseline 0 -28"><span class='ocrx_word' id='word_1_54' title='bbox 636 1889 698 1956; x_wconf 84' lang='lat' dir='ltr'><em>teo</em></span> <span class='ocrx_word' id='word_1_55' title='bbox 728 1893 821 1974; x_wconf 85' lang='lat' dir='ltr'><em>rete,</em></span> <span class='ocrx_word' id='word_1_56' title='bbox 847 1891 995 1982; x_wconf 83' lang='lat' dir='ltr'><em>p.321.</em></span> <span class='ocrx_word' id='word_1_57' title='bbox 1119 1949 1122 1954; x_wconf 90' lang='lat'>.</span> 
     </span>
     <span class='ocr_line' id='line_1_11' title="bbox 568 1903 2132 2110; baseline 0.01 -37"><span class='ocrx_word' id='word_1_58' title='bbox 568 2019 606 2098; x_wconf 80' lang='lat'><em>5.</em></span> <span class='ocrx_word' id='word_1_59' title='bbox 635 1903 820 2078; x_wconf 74' lang='lat' dir='ltr'><em>Vaierius</em></span> <span class='ocrx_word' id='word_1_60' title='bbox 841 1996 891 2076; x_wconf 86' lang='lat' dir='ltr'><em>ad</em></span> <span class='ocrx_word' id='word_1_61' title='bbox 911 1993 1111 2078; x_wconf 89' lang='lat' dir='ltr'><em>Rufinum</em></span> <span class='ocrx_word' id='word_1_62' title='bbox 1127 1995 1175 2076; x_wconf 85' lang='lat' dir='ltr'><em>de</em></span> <span class='ocrx_word' id='word_1_63' title='bbox 1195 1991 1348 2104; x_wconf 85' lang='lat' dir='ltr'><em>nuptiis</em></span> <span class='ocrx_word' id='word_1_64' title='bbox 1369 2017 1455 2076; x_wconf 88' lang='lat' dir='ltr'><em>non</em></span> <span class='ocrx_word' id='word_1_65' title='bbox 1473 1989 1667 2078; x_wconf 84' lang='lat' dir='ltr'><em>habendis</em></span> <span class='ocrx_word' id='word_1_66' title='bbox 1687 2021 1782 2082; x_wconf 84' lang='lat' dir='ltr'><em>cum</em></span> <span class='ocrx_word' id='word_1_67' title='bbox 1802 1999 2060 2110; x_wconf 85' lang='lat' dir='ltr'><em>expofitione,</em></span> <span class='ocrx_word' id='word_1_68' title='bbox 2125 2049 2132 2056; x_wconf 92' lang='lat'>·</span> 
     </span>
     <span class='ocr_line' id='line_1_12' title="bbox 568 2131 1415 2342; baseline -0.004 -28"><span class='ocrx_word' id='word_1_69' title='bbox 568 2233 607 2314; x_wconf 88' lang='grc'><em>6.</em></span> <span class='ocrx_word' id='word_1_70' title='bbox 630 2131 853 2316; x_wconf 59' lang='lat' dir='ltr'><em>iiiaeiann</em></span> <span class='ocrx_word' id='word_1_71' title='bbox 873 2233 921 2314; x_wconf 88' lang='lat' dir='ltr'><em>de</em></span> <span class='ocrx_word' id='word_1_72' title='bbox 942 2247 1036 2315; x_wconf 88' lang='lat' dir='ltr'><em>ortu</em></span> <span class='ocrx_word' id='word_1_73' title='bbox 1054 2232 1239 2329; x_wconf 89' lang='lat' dir='ltr'><em>deorum,</em></span> <span class='ocrx_word' id='word_1_74' title='bbox 1262 2250 1304 2342; x_wconf 89' lang='lat' dir='ltr'><em>p.</em></span> <span class='ocrx_word' id='word_1_75' title='bbox 1321 2231 1415 2340; x_wconf 89' lang='grc'><strong><em>367.</em></strong></span> 
     </span>
     <span class='ocr_line' id='line_1_13' title="bbox 568 2352 1596 2463; baseline 0 -29"><span class='ocrx_word' id='word_1_76' title='bbox 568 2379 608 2463; x_wconf 88' lang='lat'><em>7.</em></span> <span class='ocrx_word' id='word_1_77' title='bbox 638 2352 815 2436; x_wconf 83' lang='lat' dir='ltr'><em>Historia</em></span> <span class='ocrx_word' id='word_1_78' title='bbox 834 2355 1029 2436; x_wconf 79' lang='lat' dir='ltr'><em>adventus</em></span> <span class='ocrx_word' id='word_1_79' title='bbox 1051 2353 1167 2434; x_wconf 83' lang='lat' dir='ltr'><em>Eneae</em></span> <span class='ocrx_word' id='word_1_80' title='bbox 1185 2353 1228 2434; x_wconf 92' lang='lat' dir='ltr'><em>in</em></span> <span class='ocrx_word' id='word_1_81' title='bbox 1248 2354 1421 2448; x_wconf 88' lang='lat' dir='ltr'><em>Italiam,</em></span> <span class='ocrx_word' id='word_1_82' title='bbox 1445 2369 1487 2460; x_wconf 90' lang='lat' dir='ltr'><em>p.</em></span> <span class='ocrx_word' id='word_1_83' title='bbox 1504 2379 1596 2461; x_wconf 84' lang='lat'>397.</span> 
     </span>
     <span class='ocr_line' id='line_1_14' title="bbox 569 2469 1576 2584; baseline 0.006 -32"><span class='ocrx_word' id='word_1_84' title='bbox 569 2474 607 2553; x_wconf 91' lang='lat'><em>8.</em></span> <span class='ocrx_word' id='word_1_85' title='bbox 636 2477 700 2555; x_wconf 87' lang='lat' dir='ltr'><em>De</em></span> <span class='ocrx_word' id='word_1_86' title='bbox 718 2471 859 2584; x_wconf 85' lang='lat' dir='ltr'><em>primis</em></span> <span class='ocrx_word' id='word_1_87' title='bbox 880 2469 1175 2554; x_wconf 86' lang='lat' dir='ltr'><em>habitatoribus</em></span> <span class='ocrx_word' id='word_1_88' title='bbox 1191 2469 1363 2580; x_wconf 84' lang='lat' dir='ltr'><strong>Angliae,</strong></span> <span class='ocrx_word' id='word_1_89' title='bbox 1388 2488 1538 2578; x_wconf 90' lang='lat' dir='ltr'><em>p.419.</em></span> <span class='ocrx_word' id='word_1_90' title='bbox 1571 2547 1576 2558; x_wconf 94' lang='lat'>.</span> 
     </span>
     <span class='ocr_line' id='line_1_15' title="bbox 568 2585 1771 2701; baseline -0.001 -28"><span class='ocrx_word' id='word_1_91' title='bbox 568 2621 607 2701; x_wconf 88' lang='lat'><em>9.</em></span> <span class='ocrx_word' id='word_1_92' title='bbox 637 2592 819 2676; x_wconf 80' lang='lat' dir='ltr'><em>Galfredi</em></span> <span class='ocrx_word' id='word_1_93' title='bbox 839 2589 1160 2674; x_wconf 81' lang='lat' dir='ltr'><em>Monumetenfis</em></span> <span class='ocrx_word' id='word_1_94' title='bbox 1183 2589 1347 2673; x_wconf 86' lang='lat' dir='ltr'><em>historia</em></span> <span class='ocrx_word' id='word_1_95' title='bbox 1366 2585 1597 2686; x_wconf 71' lang='lat' dir='ltr'><em>Britanniae,</em></span> <span class='ocrx_word' id='word_1_96' title='bbox 1622 2602 1663 2695; x_wconf 84' lang='lat' dir='ltr'><em>p.</em></span> <span class='ocrx_word' id='word_1_97' title='bbox 1676 2615 1771 2694; x_wconf 87' lang='lat'>421.</span> 
     </span>
    </p>
   </div>
   <div class='ocr_carea' id='block_1_3' title="bbox 1102 2817 1467 2962">
    <p class='ocr_par' dir='ltr' id='par_1_3' title="bbox 1102 2817 1467 2962">
     <span class='ocr_line' id='line_1_16' title="bbox 1102 2817 1467 2962; baseline -0.019 -27"><span class='ocrx_word' id='word_1_98' title='bbox 1102 2817 1467 2962; x_wconf 75' lang='lat' dir='ltr'>ccccxv.</span> 
     </span>
    </p>
   </div>
   <div class='ocr_carea' id='block_1_4' title="bbox 495 2985 2066 4182">
    <p class='ocr_par' dir='ltr' id='par_1_4' title="bbox 566 2985 1955 3096">
     <span class='ocr_line' id='line_1_17' title="bbox 566 2985 1955 3096; baseline 0.005 -28"><span class='ocrx_word' id='word_1_99' title='bbox 566 2987 682 3068; x_wconf 81' lang='lat' dir='ltr'><em>Codex</em></span> <span class='ocrx_word' id='word_1_100' title='bbox 700 2987 988 3070; x_wconf 83' lang='lat' dir='ltr'><em>membranaceus</em></span> <span class='ocrx_word' id='word_1_101' title='bbox 1008 2990 1048 3070; x_wconf 87' lang='lat' dir='ltr'><em>in</em></span> <span class='ocrx_word' id='word_1_102' title='bbox 1070 2987 1136 3084; x_wconf 81' lang='lat'>8&#39;⁰‚</span> <span class='ocrx_word' id='word_1_103' title='bbox 1143 2987 1265 3095; x_wconf 76' lang='lat' dir='ltr'><em>stculo</em></span> <span class='ocrx_word' id='word_1_104' title='bbox 1283 2985 1362 3066; x_wconf 87' lang='lat' dir='ltr'><em>xiii</em></span> <span class='ocrx_word' id='word_1_105' title='bbox 1366 2985 1547 3094; x_wconf 86' lang='lat' dir='ltr'><em>scriptus,</em></span> <span class='ocrx_word' id='word_1_106' title='bbox 1570 2987 1611 3066; x_wconf 89' lang='lat' dir='ltr'><em>iu</em></span> <span class='ocrx_word' id='word_1_107' title='bbox 1630 3014 1697 3096; x_wconf 88' lang='lat' dir='ltr'><em>quo</em></span> <span class='ocrx_word' id='word_1_108' title='bbox 1714 2987 1955 3091; x_wconf 86' lang='lat' dir='ltr'><em>continentur,</em></span> 
     </span>
    </p>

    <p class='ocr_par' dir='ltr' id='par_1_5' title="bbox 508 3105 2057 3341">
     <span class='ocr_line' id='line_1_18' title="bbox 565 3105 2057 3203; baseline 0.005 -13"><span class='ocrx_word' id='word_1_109' title='bbox 565 3105 694 3190; x_wconf 86' lang='lat' dir='ltr'><em>Multi</em></span> <span class='ocrx_word' id='word_1_110' title='bbox 713 3107 908 3190; x_wconf 61' lang='lat' dir='ltr'><em>naitanus</em></span> <span class='ocrx_word' id='word_1_111' title='bbox 926 3107 1067 3192; x_wconf 86' lang='lat' dir='ltr'><em>incerti</em></span> <span class='ocrx_word' id='word_1_112' title='bbox 1083 3107 1248 3203; x_wconf 86' lang='lat' dir='ltr'><em>autoris,</em></span> <span class='ocrx_word' id='word_1_113' title='bbox 1270 3106 1483 3188; x_wconf 86' lang='lat' dir='ltr'><em>Norrnonni</em></span> <span class='ocrx_word' id='word_1_114' title='bbox 1501 3121 1544 3186; x_wconf 87' lang='lat' dir='ltr'><em>ut</em></span> <span class='ocrx_word' id='word_1_115' title='bbox 1556 3105 1650 3186; x_wconf 86' lang='lat' dir='ltr'><em>mihi</em></span> <span class='ocrx_word' id='word_1_116' title='bbox 1662 3107 1815 3190; x_wconf 90' lang='lat' dir='ltr'><em>videtur</em></span> <span class='ocrx_word' id='word_1_117' title='bbox 1832 3110 1881 3194; x_wconf 88' lang='lat' dir='ltr'><em>de</em></span> <span class='ocrx_word' id='word_1_118' title='bbox 1900 3111 2057 3200; x_wconf 77' lang='lat' dir='ltr'><em>diversos</em></span> 
     </span>
     <span class='ocr_line' id='line_1_19' title="bbox 508 3225 1605 3341; baseline -0.005 -27"><span class='ocrx_word' id='word_1_119' title='bbox 508 3229 666 3341; x_wconf 83' lang='lat' dir='ltr'><em>juribus</em></span> <span class='ocrx_word' id='word_1_120' title='bbox 685 3227 853 3311; x_wconf 85' lang='lat' dir='ltr'><em>&#39;ecclefiae</em></span> <span class='ocrx_word' id='word_1_121' title='bbox 875 3233 1072 3312; x_wconf 82' lang='lat' dir='ltr'><em>Romanae</em></span> <span class='ocrx_word' id='word_1_122' title='bbox 1091 3246 1130 3309; x_wconf 86' lang='lat' dir='ltr'><em>et</em></span> <span class='ocrx_word' id='word_1_123' title='bbox 1150 3227 1321 3310; x_wconf 86' lang='lat' dir='ltr'><em>aliarum</em></span> <span class='ocrx_word' id='word_1_124' title='bbox 1341 3225 1605 3308; x_wconf 72' lang='lat' dir='ltr'><em>ecclesiarum.</em></span> 
     </span>
    </p>

    <p class='ocr_par' dir='ltr' id='par_1_6' title="bbox 495 3345 2066 4182">
     <span class='ocr_line' id='line_1_20' title="bbox 564 3345 2066 3460; baseline 0.003 -29"><span class='ocrx_word' id='word_1_125' title='bbox 564 3347 775 3458; x_wconf 78' lang='lat' dir='ltr'><em>Multusest</em></span> <span class='ocrx_word' id='word_1_126' title='bbox 802 3347 864 3428; x_wconf 85' lang='lat' dir='ltr'><em>hic</em></span> <span class='ocrx_word' id='word_1_127' title='bbox 892 3367 1000 3430; x_wconf 85' lang='lat' dir='ltr'><em>antor</em></span> <span class='ocrx_word' id='word_1_128' title='bbox 1029 3350 1070 3430; x_wconf 88' lang='lat' dir='ltr'><em>in</em></span> <span class='ocrx_word' id='word_1_129' title='bbox 1099 3347 1290 3455; x_wconf 74' lang='lat' dir='ltr'><em>deseofione</em></span> <span class='ocrx_word' id='word_1_130' title='bbox 1307 3345 1453 3449; x_wconf 82' lang='lat' dir='ltr'><em>eccleſsae</em></span> <span class='ocrx_word' id='word_1_131' title='bbox 1471 3345 1770 3456; x_wconf 77' lang='lat' dir='ltr'><em>Rhotonogerfis,</em></span> <span class='ocrx_word' id='word_1_132' title='bbox 1797 3365 1834 3430; x_wconf 88' lang='lat' dir='ltr'><em>et</em></span> <span class='ocrx_word' id='word_1_133' title='bbox 1856 3351 2066 3460; x_wconf 84' lang='lat' dir='ltr'><em>potestaten</em></span> 
     </span>
     <span class='ocr_line' id='line_1_21' title="bbox 507 3466 2061 3583; baseline 0.002 -29"><span class='ocrx_word' id='word_1_134' title='bbox 507 3471 668 3555; x_wconf 83' lang='lat' dir='ltr'><em>Romani</em></span> <span class='ocrx_word' id='word_1_135' title='bbox 689 3469 872 3579; x_wconf 77' lang='lat' dir='ltr'><em>pontificis</em></span> <span class='ocrx_word' id='word_1_136' title='bbox 894 3470 1037 3551; x_wconf 87' lang='lat' dir='ltr'><em>acriter</em></span> <span class='ocrx_word' id='word_1_137' title='bbox 1062 3469 1266 3578; x_wconf 84' lang='lat' dir='ltr'><em>inpugnat,</em></span> <span class='ocrx_word' id='word_1_138' title='bbox 1296 3493 1410 3550; x_wconf 85' lang='lat' dir='ltr'><em>onnes</em></span> <span class='ocrx_word' id='word_1_139' title='bbox 1435 3466 1597 3577; x_wconf 83' lang='lat' dir='ltr'><em>apostolos</em></span> <span class='ocrx_word' id='word_1_140' title='bbox 1621 3469 1774 3580; x_wconf 84' lang='lat' dir='ltr'><em>aequoles</em></span> <span class='ocrx_word' id='word_1_141' title='bbox 1789 3471 1907 3580; x_wconf 84' lang='lat' dir='ltr'><em>suiffl·</em></span> <span class='ocrx_word' id='word_1_142' title='bbox 1934 3491 2061 3583; x_wconf 86' lang='lat' dir='ltr'><em>operte</em></span> 
     </span>
     <span class='ocr_line' id='line_1_22' title="bbox 507 3585 2060 3701; baseline 0.003 -29"><span class='ocrx_word' id='word_1_143' title='bbox 507 3589 646 3701; x_wconf 85' lang='lat' dir='ltr'><em>dfferit,</em></span> <span class='ocrx_word' id='word_1_144' title='bbox 676 3589 914 3680; x_wconf 86' lang='lat' dir='ltr'><em>matrimonia</em></span> <span class='ocrx_word' id='word_1_145' title='bbox 925 3587 1154 3694; x_wconf 84' lang='lat' dir='ltr'><em>sacerdotum</em></span> <span class='ocrx_word' id='word_1_146' title='bbox 1165 3587 1259 3696; x_wconf 89' lang='lat' dir='ltr'><em>jure</em></span> <span class='ocrx_word' id='word_1_147' title='bbox 1277 3587 1405 3670; x_wconf 84' lang='lat' dir='ltr'><em>divino</em></span> <span class='ocrx_word' id='word_1_148' title='bbox 1422 3616 1491 3668; x_wconf 92' lang='lat' dir='ltr'><em>non</em></span> <span class='ocrx_word' id='word_1_149' title='bbox 1510 3585 1572 3698; x_wconf 80' lang='lat' dir='ltr'><em>effe</em></span> <span class='ocrx_word' id='word_1_150' title='bbox 1588 3587 1782 3696; x_wconf 82' lang='lat' dir='ltr'><em>prohibito</em></span> <span class='ocrx_word' id='word_1_151' title='bbox 1801 3593 1995 3692; x_wconf 81' lang='lat' dir='ltr'><em>contendit,</em></span> <span class='ocrx_word' id='word_1_152' title='bbox 2024 3613 2060 3677; x_wconf 85' lang='lat' dir='ltr'><em>et</em></span> 
     </span>
     <span class='ocr_line' id='line_1_23' title="bbox 509 3703 2060 3822; baseline -0.001 -28"><span class='ocrx_word' id='word_1_153' title='bbox 509 3709 713 3819; x_wconf 80' lang='lat' dir='ltr'><em>apostolicus</em></span> <span class='ocrx_word' id='word_1_154' title='bbox 732 3707 1110 3790; x_wconf 86' lang='lat' dir='ltr'><em>excommunicationes</em></span> <span class='ocrx_word' id='word_1_155' title='bbox 1116 3706 1292 3818; x_wconf 86' lang='lat' dir='ltr'><em>scandolo</em></span> <span class='ocrx_word' id='word_1_156' title='bbox 1307 3703 1370 3816; x_wconf 71' lang='lat' dir='ltr'><em>effi</em></span> <span class='ocrx_word' id='word_1_157' title='bbox 1383 3707 1565 3815; x_wconf 75' lang='lat' dir='ltr'><em>universa</em></span> <span class='ocrx_word' id='word_1_158' title='bbox 1583 3707 1730 3816; x_wconf 80' lang='lat' dir='ltr'><em>eccleſsae</em></span> <span class='ocrx_word' id='word_1_159' title='bbox 1747 3707 1920 3818; x_wconf 75' lang='lat' dir='ltr'><em>effrenat.</em></span> <span class='ocrx_word' id='word_1_160' title='bbox 1951 3715 2060 3822; x_wconf 83' lang='lat' dir='ltr'><em>Dig-</em></span> 
     </span>
     <span class='ocr_line' id='line_1_24' title="bbox 509 3826 2059 3941; baseline 0 -27"><span class='ocrx_word' id='word_1_161' title='bbox 509 3861 576 3916; x_wconf 84' lang='lat' dir='ltr'><em>nus</em></span> <span class='ocrx_word' id='word_1_162' title='bbox 596 3848 704 3928; x_wconf 84' lang='lat' dir='ltr'><em>certe,</em></span> <span class='ocrx_word' id='word_1_163' title='bbox 734 3828 881 3941; x_wconf 90' lang='lat' dir='ltr'><em>quisque</em></span> <span class='ocrx_word' id='word_1_164' title='bbox 889 3828 1035 3937; x_wconf 88' lang='lat' dir='ltr'><em>fuerit,</em></span> <span class='ocrx_word' id='word_1_165' title='bbox 1064 3846 1108 3910; x_wconf 88' lang='lat' dir='ltr'><em>ut</em></span> <span class='ocrx_word' id='word_1_166' title='bbox 1124 3857 1246 3910; x_wconf 87' lang='lat' dir='ltr'><em>nonen</em></span> <span class='ocrx_word' id='word_1_167' title='bbox 1256 3826 1408 3936; x_wconf 70' lang='lat' dir='ltr'><em>pesteris</em></span> <span class='ocrx_word' id='word_1_168' title='bbox 1426 3827 1652 3926; x_wconf 85' lang='lat' dir='ltr'><em>truderetur,</em></span> <span class='ocrx_word' id='word_1_169' title='bbox 1681 3827 1745 3939; x_wconf 89' lang='lat' dir='ltr'><em>qui</em></span> <span class='ocrx_word' id='word_1_170' title='bbox 1763 3829 1805 3909; x_wconf 93' lang='lat' dir='ltr'><em>in</em></span> <span class='ocrx_word' id='word_1_171' title='bbox 1824 3833 1941 3914; x_wconf 84' lang='lat' dir='ltr'><em>tontis</em></span> <span class='ocrx_word' id='word_1_172' title='bbox 1959 3853 2059 3916; x_wconf 89' lang='lat' dir='ltr'><em>tene-</em></span> 
     </span>
     <span class='ocr_line' id='line_1_25' title="bbox 509 3945 2061 4062; baseline -0.001 -26"><span class='ocrx_word' id='word_1_173' title='bbox 509 3953 588 4036; x_wconf 88' lang='lat' dir='ltr'><em>bris</em></span> <span class='ocrx_word' id='word_1_174' title='bbox 606 3949 721 4062; x_wconf 81' lang='lat' dir='ltr'><em>causn</em></span> <span class='ocrx_word' id='word_1_175' title='bbox 734 3951 912 4037; x_wconf 85' lang='lat' dir='ltr'><em>veritatis</em></span> <span class='ocrx_word' id='word_1_176' title='bbox 924 3947 1178 4062; x_wconf 75' lang='lat' dir='ltr'><em>promovenda</em></span> <span class='ocrx_word' id='word_1_177' title='bbox 1190 3947 1327 4030; x_wconf 84' lang='lat' dir='ltr'><em>iabores</em></span> <span class='ocrx_word' id='word_1_178' title='bbox 1332 3949 1419 4057; x_wconf 88' lang='lat' dir='ltr'><em>suos</em></span> <span class='ocrx_word' id='word_1_179' title='bbox 1432 3945 1537 4056; x_wconf 74' lang='lat' dir='ltr'><em>orestes</em></span> <span class='ocrx_word' id='word_1_180' title='bbox 1554 3946 1602 4056; x_wconf 78' lang='lat' dir='ltr'><em>est</em></span> <span class='ocrx_word' id='word_1_181' title='bbox 1619 3948 1831 4056; x_wconf 88' lang='lat' dir='ltr'><em>impendere.</em></span> <span class='ocrx_word' id='word_1_182' title='bbox 1847 3995 1904 4014; x_wconf 91' lang='lat'>-</span> <span class='ocrx_word' id='word_1_183' title='bbox 1918 3951 2061 4035; x_wconf 77' lang='lat' dir='ltr'><em>Titulos</em></span> 
     </span>
     <span class='ocr_line' id='line_1_26' title="bbox 495 4067 2064 4182; baseline 0.003 -28"><span class='ocrx_word' id='word_1_184' title='bbox 495 4075 656 4182; x_wconf 86' lang='lat' dir='ltr'><em>stngulis</em></span> <span class='ocrx_word' id='word_1_185' title='bbox 688 4070 913 4154; x_wconf 66' lang='lat' dir='ltr'><em>tradentibus</em></span> <span class='ocrx_word' id='word_1_186' title='bbox 932 4070 1103 4180; x_wconf 68' lang='lat' dir='ltr'><em>praefixos</em></span> <span class='ocrx_word' id='word_1_187' title='bbox 1130 4068 1222 4150; x_wconf 84' lang='lat' dir='ltr'><em>duxi</em></span> <span class='ocrx_word' id='word_1_188' title='bbox 1250 4067 1470 4166; x_wconf 83' lang='lat' dir='ltr'><em>omittendos,</em></span> <span class='ocrx_word' id='word_1_189' title='bbox 1498 4085 1621 4182; x_wconf 83' lang='lat' dir='ltr'><em>utpote</em></span> <span class='ocrx_word' id='word_1_190' title='bbox 1648 4097 1759 4152; x_wconf 86' lang='lat' dir='ltr'><em>nunu</em></span> <span class='ocrx_word' id='word_1_191' title='bbox 1789 4074 1970 4158; x_wconf 87' lang='lat' dir='ltr'><em>neoterica</em></span> <span class='ocrx_word' id='word_1_192' title='bbox 1997 4105 2064 4158; x_wconf 87' lang='lat' dir='ltr'><em>nec</em></span> 
     </span>
    </p>
   </div>
   <div class='ocr_carea' id='block_1_5' title="bbox 500 4187 1111 4304">
    <p class='ocr_par' dir='ltr' id='par_1_7' title="bbox 500 4187 1111 4304">
     <span class='ocr_line' id='line_1_27' title="bbox 500 4187 1111 4304; baseline -0.015 -27"><span class='ocrx_word' id='word_1_193' title='bbox 500 4196 602 4304; x_wconf 85' lang='lat' dir='ltr'><em>sotis</em></span> <span class='ocrx_word' id='word_1_194' title='bbox 616 4193 769 4302; x_wconf 86' lang='lat' dir='ltr'><em>puriter</em></span> <span class='ocrx_word' id='word_1_195' title='bbox 787 4187 973 4302; x_wconf 80' lang='lat' dir='ltr'><em>inpoſstos.</em></span> <span class='ocrx_word' id='word_1_196' title='bbox 1109 4265 1111 4268; x_wconf 85' lang='grc'>,</span> 
     </span>
    </p>
   </div>
   <div class='ocr_carea' id='block_1_6' title="bbox 1661 4305 2171 4396">
    <p class='ocr_par' dir='ltr' id='par_1_8' title="bbox 1661 4305 2171 4396">
     <span class='ocr_line' id='line_1_28' title="bbox 1661 4305 2171 4396; baseline 0.022 -10"><span class='ocrx_word' id='word_1_197' title='bbox 1661 4305 1914 4392; x_wconf 88' lang='lat' dir='ltr'>CCCCXVI.</span> <span class='ocrx_word' id='word_1_198' title='bbox 1946 4311 2063 4394; x_wconf 83' lang='lat' dir='ltr'><em>Codex</em></span> <span class='ocrx_word' id='word_1_199' title='bbox 2165 4385 2171 4396; x_wconf 84' lang='lat'>.</span> 
     </span>
    </p>
   </div>
   <div class='ocr_carea' id='block_1_7' title="bbox 561 4623 1510 5232">
    <p class='ocr_par' dir='ltr' id='par_1_9' title="bbox 571 4623 973 4714">
     <span class='ocr_line' id='line_1_29' title="bbox 571 4623 973 4714; baseline -0.03 -11"><span class='ocrx_word' id='word_1_200' title='bbox 571 4631 621 4714; x_wconf 88' lang='grc'><em>2.]</em></span> <span class='ocrx_word' id='word_1_201' title='bbox 638 4631 708 4701; x_wconf 85' lang='lat' dir='ltr'><em>Vide</em></span> <span class='ocrx_word' id='word_1_202' title='bbox 722 4623 923 4691; x_wconf 87' lang='lat' dir='ltr'><strong>CCCLXX.</strong></span> <span class='ocrx_word' id='word_1_203' title='bbox 943 4647 973 4691; x_wconf 85' lang='lat'><em>1.</em></span> 
     </span>
    </p>

    <p class='ocr_par' dir='ltr' id='par_1_10' title="bbox 570 4723 1222 4822">
     <span class='ocr_line' id='line_1_30' title="bbox 570 4723 1222 4822; baseline -0.017 -19"><span class='ocrx_word' id='word_1_204' title='bbox 570 4733 620 4822; x_wconf 88' lang='grc'><em>3.]</em></span> <span class='ocrx_word' id='word_1_205' title='bbox 636 4734 705 4802; x_wconf 85' lang='lat' dir='ltr'><em>Vide</em></span> <span class='ocrx_word' id='word_1_206' title='bbox 719 4727 888 4796; x_wconf 89' lang='lat' dir='ltr'><strong>CCXCII.</strong></span> <span class='ocrx_word' id='word_1_207' title='bbox 904 4751 936 4797; x_wconf 84' lang='lat'><em>2.</em></span> <span class='ocrx_word' id='word_1_208' title='bbox 953 4723 1172 4794; x_wconf 86' lang='lat' dir='ltr'>CCCXVIII.</span> <span class='ocrx_word' id='word_1_209' title='bbox 1189 4725 1222 4792; x_wconf 76' lang='lat'><em>6.</em></span> 
     </span>
    </p>

    <p class='ocr_par' dir='ltr' id='par_1_11' title="bbox 561 4833 950 4922">
     <span class='ocr_line' id='line_1_31' title="bbox 561 4833 950 4922; baseline -0.028 -13"><span class='ocrx_word' id='word_1_210' title='bbox 561 4837 618 4922; x_wconf 76' lang='grc'><em>4.]</em></span> <span class='ocrx_word' id='word_1_211' title='bbox 636 4838 706 4908; x_wconf 84' lang='lat' dir='ltr'><em>Vide</em></span> <span class='ocrx_word' id='word_1_212' title='bbox 720 4833 902 4900; x_wconf 88' lang='lat' dir='ltr'><strong>CCCCVI.</strong></span> <span class='ocrx_word' id='word_1_213' title='bbox 916 4856 950 4918; x_wconf 83' lang='lat'><em>4.</em></span> 
     </span>
    </p>

    <p class='ocr_par' dir='ltr' id='par_1_12' title="bbox 569 4931 1163 5022">
     <span class='ocr_line' id='line_1_32' title="bbox 569 4931 1163 5022; baseline -0.017 -16"><span class='ocrx_word' id='word_1_214' title='bbox 569 4934 823 5022; x_wconf 81' lang='lat' dir='ltr'><em>5.]VrdeCV11.</em></span> <span class='ocrx_word' id='word_1_215' title='bbox 844 4956 872 5000; x_wconf 88' lang='lat'><em>1.</em></span> <span class='ocrx_word' id='word_1_216' title='bbox 888 4931 1092 5000; x_wconf 88' lang='lat' dir='ltr'>CLXXVII.</span> <span class='ocrx_word' id='word_1_217' title='bbox 1110 4949 1163 5015; x_wconf 86' lang='lat'><em>29.</em></span> 
     </span>
    </p>

    <p class='ocr_par' dir='ltr' id='par_1_13' title="bbox 569 5032 1226 5124">
     <span class='ocr_line' id='line_1_33' title="bbox 569 5032 1226 5124; baseline -0.015 -14"><span class='ocrx_word' id='word_1_218' title='bbox 569 5040 620 5124; x_wconf 82' lang='lat'><em>9.]</em></span> <span class='ocrx_word' id='word_1_219' title='bbox 637 5041 708 5110; x_wconf 87' lang='lat' dir='ltr'><em>Vide</em></span> <span class='ocrx_word' id='word_1_220' title='bbox 722 5037 942 5104; x_wconf 85' lang='lat' dir='ltr'><strong>CCLXXXI.</strong></span> <span class='ocrx_word' id='word_1_221' title='bbox 962 5059 989 5103; x_wconf 80' lang='grc' dir='ltr'><em>ι.</em></span> <span class='ocrx_word' id='word_1_222' title='bbox 1006 5032 1174 5104; x_wconf 80' lang='lat' dir='ltr'>ccxcu.</span> <span class='ocrx_word' id='word_1_223' title='bbox 1196 5055 1226 5100; x_wconf 88' lang='lat'><em>1.</em></span> 
     </span>
    </p>

    <p class='ocr_par' dir='ltr' id='par_1_14' title="bbox 569 5136 1510 5232">
     <span class='ocr_line' id='line_1_34' title="bbox 569 5136 1510 5232; baseline -0.003 -24"><span class='ocrx_word' id='word_1_224' title='bbox 569 5141 789 5232; x_wconf 59' lang='lat' dir='ltr'><em>CCCCXV]</em></span> <span class='ocrx_word' id='word_1_225' title='bbox 805 5143 858 5213; x_wconf 88' lang='lat' dir='ltr'><em>Vet</em></span> <span class='ocrx_word' id='word_1_226' title='bbox 873 5143 940 5209; x_wconf 83' lang='lat' dir='ltr'><em>cao.</em></span> <span class='ocrx_word' id='word_1_227' title='bbox 957 5139 1002 5210; x_wconf 90' lang='lat'><em>0.</em></span> <span class='ocrx_word' id='word_1_228' title='bbox 1020 5160 1073 5226; x_wconf 85' lang='lat'><em>27.</em></span> <span class='ocrx_word' id='word_1_229' title='bbox 1089 5136 1189 5206; x_wconf 84' lang='lat' dir='ltr'><em>MSS.</em></span> <span class='ocrx_word' id='word_1_230' title='bbox 1204 5137 1289 5220; x_wconf 80' lang='lat' dir='ltr'><em>Argi.</em></span> <span class='ocrx_word' id='word_1_231' title='bbox 1308 5157 1510 5226; x_wconf 85' lang='lat'>1497-230.</span> 
     </span>
    </p>
   </div>
   <div class='ocr_carea' id='block_1_8' title="bbox 0 0 2512 6260">
    <p class='ocr_par' dir='ltr' id='par_1_15' title="bbox 0 0 2512 6260">
     <span class='ocr_line' id='line_1_35' title="bbox 0 0 2512 6260; baseline 0 0"><span class='ocrx_word' id='word_1_232' title='bbox 0 0 2512 6260; x_wconf 95' lang='lat' dir='ltr'><em> </em></span> 
     </span>
    </p>
   </div>
  </div>
 </body>
</html>
