4980 6264
1018 843 1023 850 ·
1150 765 1229 904 Ὀ.
1936 811 1998 936 65

572 987 784 1078 nelmenfis
809 1018 905 1074 cum
930 986 1307 1075 continuationibus
1333 987 1518 1076 anoninri
1537 1006 1577 1076 et
1597 987 1787 1084 Gaufridi
1810 990 1860 1076 de
1879 993 2008 1078 Cold-

571 1111 760 1224 ingham]
781 1112 906 1222 desunt
923 1140 963 1194 x.
983 1129 1064 1224 cap.
1083 1109 1267 1222 adfinem,
1281 1127 1322 1220 p.
1349 1140 1383 1195 1.
1738 1117 1740 1122 ’

506 1262 544 1318 2.
574 1235 822 1322 Inviniffimi
841 1237 1073 1344 Anglorurn
1092 1231 1351 1342 Franciaeque
1372 1229 1475 1340 regis
1496 1228 1664 1314 Henrici
1686 1230 1821 1342 quinti
1849 1235 1900 1318 ad
1919 1231 2006 1343 eiua

572 1357 704 1441 filium
725 1353 1090 1440 christianiffimurn
1106 1380 1240 1464 regern
1256 1351 1482 1435 Henricum
1497 1350 1657 1436 sextum
1671 1351 1756 1436 vita
1772 1381 1842 1465 per
1856 1354 2008 1442 Titum

573 1477 738 1561 Livium
757 1479 805 1558 de
823 1479 856 1558 F
859 1473 1067 1558 ruloviffiis
1085 1472 1389 1568 Ferrariensem,
1412 1490 1457 1583 p.
1483 1499 1572 1578 129.

506 1623 546 1706 3.
575 1603 614 1680 A
634 1596 948 1680 determination
971 1595 1020 1678 of
1041 1623 1065 1678 a
1085 1593 1229 1678 dobior
1247 1592 1297 1677 of
1317 1592 1488 1703 divinity
1508 1590 1662 1702 against
1681 1593 1792 1678 them
1813 1595 1904 1680 that
1925 1597 2004 1712 say,

574 1717 609 1800 it
635 1718 668 1800 is
694 1732 769 1799 not
792 1715 934 1800 lawful
957 1735 1002 1800 to
1021 1716 1121 1800 have
1140 1715 1239 1826 holy
1256 1712 1390 1798 writte
1416 1715 1497 1798 and
1515 1712 1633 1796 other
1651 1714 1803 1798 bookes
1827 1715 1871 1800 in
1890 1722 2006 1830 Eng-

573 1837 664 1936 lith,
685 1857 729 1949 p.
750 1865 844 1949 227.

576 1970 604 2007 ‘⁸
623 1964 721 2042 Hac
738 1964 911 2045 exeratta
921 1959 1017 2070 fient
1038 1989 1083 2042 ex
1104 1956 1256 2068 quodam
1280 1959 1399 2042 lacero
1409 1957 1629 2067 fragmento
1654 1955 1881 2044 bibliotheca
1898 1961 2009 2070 Wig-

563 2091 591 2130 “
611 2083 816 2190 orninfisl’

505 2230 547 2311 4.
576 2205 630 2285 G.
655 2204 893 2316 [Gualterus
922 2197 1213 2311 Hemingford,
1248 2197 1487 2308 canonicus]
1520 2201 1570 2282 de
1595 2203 1809 2312 Gylburne
1837 2209 1887 2290 de
1920 2235 2012 2320 rege

576 2324 776 2407 Edwardo
795 2327 848 2405 11.

575 2445 744 2528 Continet
752 2442 1101 2554 bisloriarnAngliae
1113 2459 1259 2524 amorte
1270 2441 1502 2524 Edwarlil.
1522 2441 1579 2525 ad
1586 2473 1723 2527 annum
1723 2447 1864 2554 salutis
1880 2475 1982 2556 131²
1995 2487 2008 2544 3

577 2587 613 2650 et
632 2565 771 2756 oerpnino
790 2565 980 2648 concordat
997 2593 1078 2646 cum
1103 2563 1197 2644 libro
1215 2575 1346 2674 quarto
1367 2564 1515 2676 opresdem
1533 2568 1677 2651 autoris
1694 2569 1738 2650 de
1757 2567 1866 2676 gellis
1884 2597 2013 2678 regunt

581 2684 670 2784 Ang
685 2679 746 2758 ia.

511 2829 550 2910 5.
578 2800 750 2881 Tabulae
770 2811 863 2880 ante
883 2791 1090 2878 historiam
1111 2793 1289 2876 Matthei
1310 2795 1546 2893 Pariiienlis,
1568 2817 1612 2908 p.
1637 2825 1658 2880 2
1664 2825 1731 2908 5¹·

510 2923 550 3006 6.
580 2921 757 3004 Annales
778 2915 998 2998 Britanniae
1018 2916 1187 2998 authore
1207 2919 1239 2998 1.
1259 2917 1372 3000 Asser
1390 2946 1485 3002 curn
1505 2918 1819 3031 paralipomenis
1848 2919 2012 3005 alterius

579 3038 795 3152 scriptoris.
811 3055 850 3148 p.
874 3037 967 3119 261.

581 3175 609 3212 “
628 3163 710 3245 Hic
733 3160 828 3242 liber
857 3157 1102 3270 traoffcriptas
1119 3188 1139 3240 e
1157 3159 1307 3269 quodam
1324 3159 1547 3270 vetastiffimo
1566 3161 1685 3244 codice
1703 3180 1824 3246 notato
1846 3165 1888 3246 in
1909 3193 2014 3248 mar-

581 3297 609 3334 “
624 3285 714 3396 gine
732 3312 843 3366 manu
864 3281 1036 3364 Iohannis
1055 3282 1273 3364 Leilandi.”

511 3437 552 3519 7.
579 3409 703 3490 Notae
722 3404 1017 3512 chronologica
1036 3404 1084 3484 de
1104 3399 1286 3484 AElfredo
1307 3402 1633 3487 manu-Matthei
1656 3404 1818 3502 Parker,
1841 3424 1882 3518 p.
1906 3401 2026 3516 324(

515 3532 558 3613 8.
580 3525 751 3612 AElfredi
769 3553 830 3607 res
850 3524 980 3634 gestae,
1001 3540 1143 3606 autore
1161 3523 1284 3619 Affer,
1307 3541 1349 3632 p.
1373 3551 1467 3633 325.

580 3655 699 3735 Hanc
715 3649 854 3732 libram
873 3647 1120 3757 apographum
1138 3646 1200 3758 effe
1218 3651 1311 3729 MS.
1332 3649 1559 3750 Cottoaiani,
1580 3679 1640 3734 nos
1664 3650 1761 3734 docet
1779 3649 1837 3731 Cl.
1857 3651 1954 3761 Wise
1974 3649 2015 3732 in

580 3773 787 3884 prefatione
805 3769 858 3851 ad
873 3769 1062 3852 editionem
1069 3767 1192 3882 fitam.

513 3915 552 3995 9.
581 3887 644 3966 De
664 3881 812 3964 Sanbio
833 3882 1009 3975 Albano,
1030 3898 1074 3990 p.
1097 3881 1191 3988 365.

511 4005 689 4116 Fabulosa
706 4005 784 4086 hac
800 4001 951 4106 historia
969 4004 1010 4084 in
1028 4004 1185 4114 quinque
1195 4003 1351 4112 paginis
1368 4022 1526 4087 enarrat
1542 4005 1665 4087 vitant
1683 4005 1797 4115 neseio
1817 4007 1919 4116 cajus
1940 4009 2016 4091 Al-

456 4132 560 4228 hani,
579 4131 644 4240 qni
661 4157 706 4208 ex
725 4123 851 4232 incesto
869 4123 1027 4206 thalamo
1039 4141 1269 4236 procreatus,
1289 4145 1326 4208 et
1345 4127 1386 4207 in
1405 4127 1650 4234 Hangariam
1669 4127 1876 4236 deportatus
1894 4127 2017 4238 ibique

457 4253 641 4364 expofitus‚
661 4248 744 4354 regi
761 4247 940 4352 deflata,
961 4265 997 4328 et
1010 4245 1058 4327 ab
1075 4245 1189 4328 eodem
1203 4248 1245 4328 in
1249 4248 1378 4354 filiurn
1397 4249 1607 4358 adoptatur.
1652 4249 1803 4332 Deinde
1822 4249 2017 4359 inffeienter

450 4373 646 4490 propriam
672 4386 827 4450 matrem
853 4370 894 4449 in
915 4397 1060 4451 uxorem
1077 4367 1203 4466 ducit;
1231 4400 1273 4452 re
1290 4390 1411 4454 autea
1430 4389 1624 4480 comperta,
1647 4369 1790 4456 deliciis
1808 4372 1936 4454 mnndi
1954 4401 2016 4452 re-

457 4525 581 4593 nuens,
601 4491 780 4602 reliquam
799 4491 920 4572 vitam
940 4490 1189 4574 anachoretice
1207 4493 1303 4603 agit.

1776 4644 1837 4699 ro.
1867 4616 2018 4729 Speech

519 4905 569 4988 2.]
587 4905 658 4976 Vide
672 4901 909 4970 CCLXXXV.
931 4926 958 4970 1.

518 5003 567 5091 3.]
585 5002 654 5069 Vide
668 4998 887 5066 CCXCVIlI.
904 5021 957 5088 52.

517 5099 569 5180 4.]
587 5099 656 5167 Vile
672 5097 773 5163 CCL.

516 5193 567 5280 5.]
584 5193 653 5263 Vide
668 5193 796 5262 XXVI.
