4980 6264
492 795 554 888 68
1251 787 1334 886 CI.

548 1009 609 1065 12.
640 979 765 1090 Qod
785 977 979 1062 Ricardus
1005 977 1053 1060 de
1073 976 1288 1062 Willaston
1307 975 1484 1078 clericus,
1510 977 1582 1090 qui
1607 977 1852 1093 desponsavit
1869 975 2034 1094 Marga-

635 1104 755 1185 ritam
777 1103 824 1182 de
843 1101 1022 1198 Attwell,
1044 1099 1234 1185 admissus
1260 1101 1316 1183 est
1341 1103 1391 1182 ad
1415 1129 1547 1184 unum
1566 1103 1784 1213 cotagium,
1807 1109 1881 1188 &c
1910 1136 1954 1188 ex
1973 1139 2034 1189 re-

636 1227 750 1309 cordis
768 1227 883 1307 curiae
900 1225 1058 1307 manerii
1075 1225 1118 1306 de
1135 1227 1258 1306 Preez
1279 1254 1299 1333 3
1323 1225 1434 1307 Edw.
1453 1229 1530 1306 ΙΙΙ.
1551 1242 1595 1334 p.
1620 1253 1708 1336 ¹37·

544 1380 605 1462 13·
635 1353 757 1430 Carta
774 1347 987 1430 Florentiae
1006 1347 1213 1456 quondam
1239 1345 1373 1430 uxoris
1394 1345 1566 1428 Simonis
1591 1348 1639 1428 de
1661 1345 1935 1431 Haukeherste
1953 1351 2033 1432 cle-

633 1469 718 1568 rici,
748 1467 831 1579 quai
857 1466 1006 1551 remtfit
1031 1486 1072 1552 et
1096 1467 1280 1579 quietum
1304 1466 1490 1550 clamavit
1518 1468 1653 1552 abbati
1681 1486 1720 1550 et
1738 1471 1956 1554 conventui
1983 1475 2032 1556 de

633 1593 743 1674 Bello
762 1607 898 1673 toturn
926 1589 989 1697 jus
1009 1597 1125 1674 suum
1145 1605 1186 1672 et
1207 1588 1398 1673 clantiurn
1426 1591 1536 1700 quod
1563 1589 1706 1672 habuit
1734 1591 1899 1674 nomine
1925 1595 2030 1678 dotis

630 1715 679 1794 de
707 1712 943 1796 tenementis
970 1712 1046 1798 five
1070 1711 1209 1796 reddit.
1239 1739 1330 1822 quae
1358 1712 1501 1795 habuit
1523 1741 1569 1796 ex
1595 1711 1822 1794 demiffione
1850 1715 2030 1823 praediui

631 1833 819 1932 Simonis
840 1867 884 1918 ex
900 1835 992 1918 libro
1011 1839 1070 1919 D.
1086 1839 1120 1918 I.
1136 1836 1297 1918 Whaller
1314 1837 1487 1946 quondam
1492 1837 1660 1948 sacristae
1676 1835 1718 1918 de
1732 1837 1844 1934 Bello,
1863 1867 1955 1920 anno
1979 1867 2028 1924 10

628 1976 663 2041 et
688 1985 730 2040 11
755 1963 852 2040 Hen.
872 1961 939 2040 IV.
968 1960 1067 2042 inter
1083 1975 1206 2041 cartas
1224 1959 1266 2040 de
1284 1958 1534 2070 Haukeherste,
1564 1959 1654 2042 ibid.

536 2110 598 2190 14.
628 2079 925 2163 Testimonium
954 2079 1195 2164 diversarum
1224 2079 1492 2163 donationum
1519 2079 1614 2162 fast.
1648 2079 1833 2190 [ecclesiae
1862 2099 1901 2164 et
1928 2110 2028 2166 con-

624 2201 765 2285 ventui
795 2207 833 2285 S.
854 2207 891 2284 S.
921 2201 1026 2284 Petri
1058 2218 1097 2284 et
1125 2201 1241 2284 Pauli
1272 2201 1424 2314 Salop.]
1456 2201 1528 2284 sub
1558 2201 1691 2312 figillis
1722 2203 1882 2286 Ricardi
1911 2204 2025 2316 episc.

625 2326 813 2408 London.
834 2342 874 2406 et
892 2323 1064 2407 Walteri
1082 2323 1461 2421 Conestabulatoris,
1483 2343 1526 2436 p.
1552 2327 1640 2435 138.

626 2460 653 2495 “
674 2452 755 2530 Hoc
758 2448 941 2558 scriptum
954 2447 1132 2556 originale
1149 2465 1185 2528 et
1198 2437 1473 2557 antiquifflmum
1477 2449 1683 2558 sigillatum
1698 2447 1827 2531 duobus
1840 2447 2024 2532 veteribus

550 2557 554 2564 ¹
624 2570 794 2680 “flgiliis
824 2587 860 2651 et
888 2569 1023 2682 mrffirm
1053 2569 1106 2652 ad
1126 2569 1335 2652 Mattheum
1353 2575 1532 2652 Cantuar.
1555 2588 1628 2679 per
1650 2570 1829 2653 deminum
1856 2567 2025 2654 Thomam

624 2703 651 2738 “
672 2691 775 2804 episc.
796 2693 923 2774 Litch.
943 2711 978 2776 et
997 2695 1083 2774 Cov.
1111 2720 1158 2773 10
1177 2692 1324 2774 Martii
1349 2693 1491 2802 1566.”

400 2833 405 2843 '
529 2847 590 2928 15·
621 2814 770 2898 Itinera
789 2811 1007 2897 Britanniae
1026 2842 1075 2897 ex
1096 2812 1325 2912 Antonino,
1347 2834 1391 2925 p.
1418 2843 1507 2922 140.

527 2943 588 3023 16.
620 2935 917 3020 Annotationes
943 2935 987 3018 in
1007 2963 1095 3018 earn
1121 2955 1277 3048 partem
1302 2934 1494 3018 itinerarii
1517 2934 1719 3018 Antonini
1745 2965 1837 3048 quse
1863 2941 1914 3022 ad
1933 2937 2022 3021 Bri-

616 3059 801 3142 tanniam
821 3057 993 3171 pertinet
1012 3085 1060 3140 ex
1080 3055 1319 3164 conjecturis
1339 3054 1507 3138 Roberti
1528 3057 1693 3155 Talbot,
1715 3077 1758 3167 p.
1785 3087 1834 3165 14
1837 3087 1875 3170 5.

525 3209 588 3294 17.
617 3181 739 3266 Gesta
756 3181 972 3266 Britonum
992 3209 1017 3265 a
1037 3179 1159 3263 Gilda
1177 3177 1350 3291 sapiente
1368 3175 1599 3291 composita,
1621 3197 1665 3288 p.
1691 3183 1780 3289 169.
1914 3211 1916 3216 ¹

524 3306 588 3388 18.
616 3309 863 3417 Excerptum
894 3335 942 3387 ex
974 3301 1164 3388 chronico
1191 3305 1244 3384 G.
1265 3299 1571 3400 Coventriensts,
1600 3301 1711 3411 quod
1736 3301 1940 3398 Henricus
1965 3309 2019 3389 11.

614 3425 763 3510 veritus
787 3455 838 3509 ne
862 3453 984 3534 regna
1004 3425 1076 3508 sub
1100 3422 1380 3509 interdisiione
1406 3439 1665 3536 ponerentur,
1692 3425 1882 3537 praecepit
1903 3425 2018 3534 justi-

615 3546 745 3630 ciariis
764 3564 804 3628 et
831 3547 985 3630 ballivis
1004 3546 1097 3644 suis,
1122 3575 1174 3630 ne
1199 3547 1354 3630 aditum
1373 3546 1532 3630 cuidam
1554 3545 1697 3629 clerico
1721 3549 1783 3629 vel
1809 3549 2020 3658 peregrino

615 3669 755 3751 darent
774 3668 846 3750 nis1
865 3667 976 3780 prius
997 3687 1157 3780 accepta
1177 3667 1383 3753 securitate
1401 3671 1512 3781 quod
1531 3671 1694 3756 nullum
1716 3671 1914 3753 damnum
1936 3671 2020 3782 regi

614 3791 677 3873 vel
696 3817 820 3900 regno
838 3809 1032 3902 quereret,
1054 3797 1104 3874 A.
1121 3797 1175 3874 D.
1198 3820 1317 3904 1171,
1339 3811 1382 3904 p.
1408 3793 1497 3875 186.

524 3945 587 4027 19.
616 3918 863 4027 Excerptum
888 3941 936 3997 ex
962 3915 1127 3997 Thoma
1150 3914 1431 4025 Walsrngham
1456 3913 1501 3998 in
1523 3914 1794 4026 Ypodigmate
1819 3913 2017 3999 Neusttiae

616 4065 725 4119 anno
761 4066 867 4148 1394
895 4038 945 4120 de
976 4065 1147 4120 numero
1179 4036 1504 4148 Hybernicorum
1539 4035 1611 4148 qui
1644 4037 1774 4150 patria
1803 4035 1941 4121 tellite
1973 4037 2018 4120 in

616 4158 808 4268 Angliam
837 4177 1049 4261 venerunt,
1078 4159 1136 4242 ita
1165 4176 1215 4242 ut
1239 4159 1343 4244 nihil
1368 4159 1461 4242 inde
1488 4159 1689 4272 percipere
1714 4159 1851 4271 potuit
1875 4159 2016 4272 regalis

615 4279 745 4380 fiscus,
768 4301 810 4392 p.
838 4284 883 4364 18
918 4347 926 4365 .

521 4433 587 4488 20.
616 4407 816 4515 Excerpta
834 4311 1068 4489 ex7historia
1085 4401 1304 4487 Hibemica
1324 4403 1495 4486 Gerardi
1513 4402 1762 4488 Cambrensrs
1781 4405 1935 4515 dejure
1955 4433 2017 4490 re-

615 4553 715 4634 gum
734 4525 893 4635 Angliae
913 4527 956 4612 in
976 4525 1217 4611 Hiberniam
1237 4543 1277 4609 et
1296 4527 1345 4610 de
1371 4525 1585 4640 privilegiis
1604 4526 1659 4610 eis
1679 4527 1863 4611 concellis
1889 4527 2016 4612 asede

615 4647 843 4758 apostolica,
864 4669 908 4764 p.
934 4649 1023 4734 188.

1834 4775 2014 4855 21..Ex-

519 5065 936 5156 15.]11ncccnx11111.
953 5090 986 5160 7·

520 5165 590 5248 sa]
607 5165 675 5230 aar.
692 5165 724 5231 a.

520 5259 586 5348 17.]
604 5258 674 5332 rio
687 5255 904 5329 ccctxnr.
