4980 6264
521 1545 1903 1790 ΡΒΈΡΑΤΙα,

418 2228 423 2238 ’
520 2243 563 2329 U
576 2244 628 2328 M
653 2243 790 2358 aliquot
805 2239 936 2334 abhinc
947 2241 1053 2328 annis
1069 2243 1111 2324 in
1128 2241 1269 2350 collegio
1285 2240 1395 2349 nostro
1411 2240 1592 2346 versarer,
1603 2237 1651 2324 ab
1664 2242 1778 2326 amico
1794 2243 1945 2354 quodam

536 2386 682 2477 rogatus
699 2365 849 2450 codicem
859 2371 950 2450 MS.
968 2367 1010 2450 in
1025 2363 1234 2446 bibliotheca
1238 2363 1432 2476 servatum
1447 2362 1541 2444 mibi
1553 2363 1782 2448 evolvendum
1787 2365 1943 2478 fiescepi.

407 2473 622 2595 Hineforte
636 2489 768 2585 evenit,
783 2506 826 2569 ut
838 2485 991 2598 nonstne
1002 2485 1242 2569 admiratione
1257 2485 1459 2567 invenerim
1472 2486 1645 2594 catalogos
1660 2489 1778 2570 MSS.
1798 2517 1843 2568 ea
1856 2488 1941 2598 qui-

406 2602 724 2716 demfislinatione
736 2610 944 2718 plerumque
957 2605 1017 2716 offe
1033 2607 1247 2714 compilatos,
1260 2621 1302 2686 ut
1320 2635 1427 2715 neque
1439 2605 1482 2686 de
1494 2607 1632 2687 nomine
1648 2625 1815 2690 autorum
1832 2635 1942 2718 neque

406 2723 449 2806 de
466 2731 635 2812 contentis
651 2729 808 2812 codicum
811 2729 906 2840 fides
910 2729 1055 2840 semper
1071 2728 1180 2835 eisst
1196 2725 1408 2808 adhibenda.
1454 2725 1704 2836 Prodiitstone
1713 2730 1857 2838 primus
1874 2757 1941 2809 ea-

406 2847 673 2958 taogquSS.
689 2853 754 2962 qui
766 2851 860 2933 banc
872 2849 1116 2932 bibliothecam
1128 2845 1323 2953 illustrant,
1341 2847 1382 2927 in
1396 2847 1534 2954 Ecloga
1548 2847 1594 2928 cl.
1606 2849 1771 2962 Jamesti,
1786 2867 1820 2930 et
1837 2849 1945 2932 illinc.

404 2967 446 3083 in
472 2973 681 3084 Catalogum
705 2971 826 3054 MSS.
845 2971 998 3080 Anglia
1027 2987 1063 3051 et
1087 2967 1290 3050 Hibernia·
1307 2965 1570 3077 transcriptum
1599 2969 1643 3050 in
1667 2999 1733 3080 quo
1754 2971 1955 3082 plusqm·

405 3107 543 3174 eentum
571 3091 703 3177 codices
731 3093 961 3187 omittuntur,
994 3107 1031 3172 et
1060 3087 1194 3202 reliqui
1220 3089 1321 3172 nulla
1339 3087 1429 3200 fere
1456 3087 1704 3203 describuntur
1731 3089 1939 3202 diligentia.

404 3211 507 3294 Satis
522 3213 650 3298 babuit
667 3215 887 3326 compilator,
904 3212 1114 3323 ſsindieem
1134 3213 1175 3294 ia
1191 3209 1324 3322 fronte
1347 3209 1504 3322 etq'uesvis
1528 3209 1657 3292 codicis
1684 3233 1938 3312 occurrentem,

391 3323 493 3445 sape
508 3365 534 3416 a
551 3339 722 3420 neoterica
740 3335 887 3447 quodam
905 3336 1072 3446 imperite
1084 3351 1121 3415 et
1121 3331 1249 3441 jq'une
1252 3331 1403 3442 factm
1422 3331 1689 3444 transcriberet.
1728 3337 1841 3418 Hunc
1854 3336 1939 3445 qni-

402 3448 480 3538 dem
495 3457 670 3567 filicione
691 3457 780 3572 austu
795 3457 941 3573 secutus
958 3455 1004 3564 es!
1022 3455 1218 3552 Stanleius‚
1249 3453 1314 3564 qui
1336 3453 1476 3562 collegio
1489 3453 1649 3564 prafhit
1665 3475 1838 3566 regnante
1856 3459 1939 3539 Gu-

402 3569 517 3660 lielmo
527 3581 604 3662 III.
625 3577 697 3690 ipse
713 3582 807 3664 enine
825 3579 954 3662 codices
955 3575 1115 3688 fingulos
1131 3575 1372 3672 examinavit,
1388 3594 1423 3658 et
1436 3577 1636 3686 catalogum
1651 3577 1715 3688 ets
1714 3578 1796 3687 ficis
1813 3607 1939 3662 nume·

403 3697 567 3782 risbaud
580 3700 785 3816 absolutum,
791 3701 916 3813 priori
933 3719 1052 3782 tamen
1062 3697 1170 3782 multo
1185 3696 1400 3784 limatiorem
1414 3696 1571 3780 condidit
1586 3717 1622 3780 et
1638 3701 1679 3796 in
1689 3699 1800 3784 lucem
1810 3699 1937 3783 edidit.

404 3819 478 3902 Sed
489 3819 632 3932 defuere
648 3825 732 3906 viro
748 3823 908 3934 alioquin
926 3819 1107 3930 dotlifflmo
1125 3820 1240 3902 multa
1256 3817 1309 3900 ad
1328 3817 1421 3900 bunc
1440 3817 1592 3901 laborem
1610 3819 1829 3928 adamanta,
1858 3852 1943 3932 quea

397 3941 514 4050 postea
518 3941 775 4054 suppeditavit
792 3944 895 4052 bosus
901 3943 1019 4056 seculi
1035 3940 1234 4054 industria:
1263 3939 1362 4022 baud
1376 3939 1510 4022 mirum
1527 3942 1649 4049 igitur
1650 3941 1693 4051 s
1708 3941 1751 4024 de
1769 3943 1935 4054 antiqui-

402 4081 480 4146 tate
495 4065 615 4150 MSS.
622 4069 723 4182 sape
737 4083 927 4176 perperam
938 4063 1173 4174 judicaverit
1191 4063 1371 4146 Stanleius
1378 4102 1391 4159 3
1419 4081 1455 4144 et
1473 4061 1734 4150 condonandum
1748 4063 1833 4148 viro
1851 4067 1939 4149 aliis

397 4185 501 4268 euris
517 4187 698 4300 lanpedito,
726 4189 813 4272 alii-s
829 4187 948 4270 literis
965 4187 1114 4282 intento,
1129 4185 1172 4294 s
1185 4185 1299 4266 multa
1315 4181 1379 4265 vel
1392 4183 1534 4265 intolla
1551 4184 1832 4294 velfiommatim
1845 4205 1938 4298 per·

387 4303 528 4414 slritla
538 4313 782 4420 praterierit.
837 4313 885 4392 In
902 4311 967 4406 eis,
995 4337 1075 4418 qna
1089 4304 1144 4388 ad
1157 4335 1233 4388 rem
1250 4303 1508 4414 ecclofioslicam
1528 4323 1563 4388 et
1581 4307 1818 4420 antiquitates
1833 4327 1936 4416 pra-

389 4425 524 4537 sittim
552 4428 698 4540 ecclesa
713 4432 935 4540 Anglicance
959 4429 1156 4539 pertinent,
1182 4425 1281 4510 nibil
1290 4427 1382 4536 fere
1408 4423 1668 4535 deplanandam
1696 4429 1867 4540 reliquo't3
1893 4431 1938 4514 in

402 4551 543 4634 caterio
557 4544 763 4664 plerumque
781 4551 1054 4660 rennffiorsuit.
1110 4547 1260 4630 Credidi
1285 4549 1406 4658 igitur
1422 4539 1462 4628 el
1477 4549 1625 4658 Collegii
1641 4549 1761 4660 ficana
1775 4569 1812 4632 et
1826 4580 1936 4633 reve·

401 4671 594 4781 rendeffmi
606 4670 840 4784 benefactoris
857 4671 1050 4770 memoria,
1067 4668 1224 4781 orbisque
1234 4669 1418 4782 litterarii
1436 4669 1603 4754 commodo
1620 4699 1674 4760 nte
1686 4669 1934 4784 corfinbnrum,

385 4795 430 4900 st
443 4793 546 4878 boras
558 4793 758 4903 subsecivas
773 4797 813 4877 in
827 4813 929 4878 tanto
945 4793 1208 4905 antiquitatum
1222 4787 1526 4900 ecclqlosliearum
1542 4812 1578 4873 et
1590 4795 1760 4876 civilium
1776 4795 1936 4906 thesauro

402 4917 550 4999 eruendo
566 4917 847 5028 describendoque
863 4916 1105 5026 confirmentur.
1150 4913 1219 4996 Ad
1232 4931 1314 5024 opus
1325 4913 1445 5020 igitur
1458 4943 1512 4996 me
1529 4916 1687 5014 accinxi,
1706 4916 1831 5025 basque
1843 4917 1938 5000 mibi

401 5039 550 5146 imposui
566 5042 666 5148 leges,
723 5040 895 5124 Primum
910 5038 1123 5146 utformaon
1140 5053 1175 5116 et
1191 5035 1448 5146 antiquitatem
1461 5037 1679 5152 sngulorum
1697 5038 1854 5119 codicum
1868 5037 1934 5120 de-

388 5159 609 5268 scriberem:
639 5164 679 5243 in
696 5193 767 5274 qua
785 5157 1015 5268 descriptione
1031 5187 1110 5240 cum
1127 5155 1218 5239 mibi
1235 5153 1490 5268 neceffesuerit
1506 5157 1716 5266 conjetluris
1727 5159 1939 5272 plenumque

402 5283 488 5382 niti,
516 5311 584 5366 non
601 5282 750 5394 dffteor
766 5312 820 5368 mc
834 5283 971 5395 sapius
987 5277 1134 5392 erraſji5
1164 5280 1283 5363 eaden
1300 5297 1419 5362 tamen
1437 5297 1519 5363 utor
1537 5281 1711 5390 apologia,
1740 5283 1935 5396 qnastmili

1894 5437 1934 5488 en
