5054 6256
1163 795 1315 892 CXC.

624 987 779 1070 ‘er
800 986 939 1066 Devr
960 981 1073 1063 hora.

624 1117 651 1155 “
672 1109 759 1188 LV.
778 1107 842 1186 De
861 1099 1069 1185 nativitate
1088 1097 1276 1185 Domini.

620 1237 648 1274 “
668 1228 775 1308 LVI.
796 1228 859 1306 De
879 1250 989 1306 nona
1009 1222 1122 1306 hora.

620 1357 647 1396 ‘⁸
667 1349 797 1428 LVII.
817 1348 880 1428 De
901 1343 1123 1456 vespertino
1142 1340 1293 1425 officio.

620 1476 648 1514 ‘⁸
667 1469 816 1549 LVIII.
837 1469 902 1548 De
921 1461 1159 1576 epyphania.

621 1597 649 1635 “
669 1587 777 1671 LIX.
796 1589 859 1667 De
877 1583 1185 1696 septuagesima.

608 1717 637 1756 “
655 1711 745 1788 LX.
765 1709 829 1788 De
848 1704 1096 1814 sexagefima.

622 1835 653 1874 ‘⁶
670 1827 784 1907 LXI.
796 1829 860 1908 De
879 1821 1226 1935 quinquagesima.

620 1944 703 2026 Hic
722 1944 971 2052 interseritur,

560 2095 623 2152 10.
654 2069 795 2148 Sermo
817 2062 1018 2174 [AElfrici]
1040 2066 1090 2148 ad
1108 2063 1344 2148 sacerdotes.=

654 2197 681 2236 ‘⁸
703 2187 832 2268 LXII.
852 2188 915 2268 De
932 2183 1193 2295 baptismum.

654 2319 681 2354 ‘⁶
700 2305 849 2388 LXIII.
872 2309 935 2388 De
954 2305 1288 2392 catecuminum.

651 2439 680 2476 ‘⁸
701 2430 847 2510 LXIV.
868 2429 933 2508 De
951 2426 1086 2510 officio
1105 2445 1146 2511 et
1164 2421 1386 2514 ministerio
1403 2423 1538 2512 miliae.

645 2557 682 2608 ·“
702 2546 830 2630 LXV.
851 2549 917 2628 De
937 2547 1264 2632 Eadmonitione.

653 2671 700 2750 Iu
714 2667 831 2750 codice
845 2665 953 2748 habet
965 2667 1132 2768 rubrica,
1154 2681 1180 2718 “
1196 2666 1392 2752 admonitio
1397 2664 1618 2778 spiritualis
1637 2661 1841 2760 desirium
1859 2661 2063 2746 admonitii
2139 2753 2140 2756 .

658 2799 685 2835 “
705 2789 942 2898 episcoporum
961 2789 1101 2871 utilis.''

655 2911 771 3018 Hasce
788 2912 975 2992 tractatus
981 2911 1064 3016 sive
1081 2939 1229 2993 canones
1247 2906 1450 3019 excipiunt,

563 3055 626 3111 ιι.
654 3025 832 3139 Epistola
852 3027 1001 3112 Albini
1010 3027 1142 3114 levitae
1161 3033 1212 3115 ad
1231 3031 1544 3114 AEthelhardum
1565 3025 1932 3142 archiepiscopum..

565 3176 627 3235 12.
654 3149 834 3260 Epistola
853 3147 996 3233 Albini
1015 3152 1065 3232 ad
1081 3153 1343 3237 Eanbaldum
1364 3150 1722 3264 archiepiscopum.

657 3285 685 3324 ‘⁸
705 3275 856 3358 LXVI.
873 3277 938 3356 De
956 3272 1142 3358 doctrina
1160 3292 1200 3358 et
1217 3274 1409 3386 exemplis
1428 3273 1736 3386 prepositorum.
1748 3337 1758 3348 ..

660 3406 688 3444 “
708 3397 876 3480 LXVII.
898 3395 961 3478 De
980 3393 1043 3477 his
1063 3395 1139 3508 qui
1155 3397 1257 3480 bene
1276 3397 1423 3478 docent
1442 3414 1483 3477 et
1500 3395 1607 3477 male
1626 3393 1807 3478 vivunt..

658 3525 685 3562 “
706 3515 894 3600 LXVIII.
915 3515 978 3594 De
997 3513 1189 3628 exemplis
1206 3539 1424 3626 pravorum
1446 3512 1718 3597 sacerdotum..

653 3645 686 3680 “
705 3637 854 3719 LXIX.
867 3635 921 3714 de
938 3635 1173 3745 pastoribus
1184 3635 1449 3719 sacerdotum.

659 3757 747 3838 Hic
759 3750 1009 3862 interseritur,

568 3881 801 3989 13.Str1no
821 3873 1004 3986 [AEfrici]
1025 3877 1200 3991 episcopi
1221 3880 1272 3962 ad
1290 3877 1494 3964 clericos.

658 3997 834 4084 ‘·‘LXX
854 4001 918 4083 De
943 4023 1016 4086 vn
1038 3998 1300 4086 ecclesrasticis
1319 3999 1522 4110 gradibus.

660 4133 689 4170 “
708 4121 857 4206 LXXI.
878 4121 940 4205 De
960 4122 1100 4206 officiis
1119 4120 1369 4204 diurnalium
1388 4117 1465 4200 five
1485 4113 1803 4200 nosturnalium.
1825 4187 1826 4190 .

662 4255 690 4293 “
710 4242 878 4329 LXXII.
898 4251 961 4330 De
977 4243 1212 4330 noeturnan
1231 4239 1471 4325 celebritate.

664 4379 692 4414 “
711 4369 899 4454 LXXIII.
920 4373 983 4452 De
1001 4366 1140 4450 ceteris
1160 4361 1350 4474 legitimis
1371 4357 1662 4444 orationibus..

667 4503 693 4538 “
713 4493 901 4574 LXXIV.
920 4494 984 4575 De
999 4489 1142 4574 ordine
1159 4487 1371 4572 librorum.

664 4619 690 4656 “
711 4612 875 4696 LXXV.
897 4613 960 4692 De
980 4606 1233 4694 ecclesiastica
1246 4601 1577 4688 consuetudine..

1352 4697 1374 4728 ”
1742 4716 1769 4755 “
1784 4705 1975 4792 LXXVI.
1996 4711 2062 4796 De
2083 4745 2087 4754 ·

571 5011 1120 5099 10.]Wdefrinra1.e9etCCva.
1140 5023 1194 5099 ¹¹2¹

568 5131 621 5179 11.
626 5109 641 5193 ]
659 5111 730 5180 uu
738 5109 912 5178 chxv.
930 5132 962 5199 3.

572 5207 643 5289 12.]
659 5207 721 5272 bd
688 5229 764 5291 4
920 5247 924 5250 -

573 5297 642 5392 ip]
659 5305 730 5377 Iside
743 5302 912 5372 CCLXV.
931 5321 982 5373 10.
