4980 6264
485 763 550 860 74
658 757 663 768 ·
1225 727 1334 832 cn.

539 944 602 1024 ¹7·
632 918 696 1014 De
715 913 958 1010 sacramento
979 909 1155 1024 corporis
1175 931 1215 994 et
1236 909 1437 1022 sanguinis
1457 913 1640 1015 Domini,
1665 919 1735 1006 W.
1756 921 1932 1020 Musculi
1953 953 2021 1013 ex.

630 1035 804 1146 plicatio,
827 1053 871 1144 p.
895 1037 987 1143 287.
1730 1117 1733 1124 ,

537 1157 597 1242 18.
627 1155 842 1266 Responsio
869 1153 1040 1241 Martini
1069 1153 1209 1245 Buceri
1238 1155 1288 1238 ad
1316 1153 1532 1240 Calvinum
1560 1159 1609 1240 de
1639 1157 1771 1246 forma
1800 1169 2021 1259 concordia

628 1271 723 1364 cum
745 1277 967 1386 Tigurinis,
988 1296 1031 1386 p.
1055 1279 1146 1386 289.

536 1413 595 1508 1'9.
626 1399 803 1510 Epistola
824 1396 982 1485 Calvini
1010 1400 1060 1480 ad
1088 1403 1311 1482 Bucerum:
1341 1400 1567 1508 gratulatur
1593 1401 1695 1484 eide
1724 1403 1836 1503 felice
1863 1409 1947 1518 ejus
1975 1411 2021 1500 in

626 1521 816 1630 Angliam
837 1521 1022 1602 adventu.
1049 1522 1186 1604 Multa
1205 1539 1340 1602 narrat
1359 1522 1406 1602 de
1424 1523 1540 1607 rebus
1562 1523 1639 1608 suis
1659 1543 1699 1610 et
1717 1527 1954 1634 amicorum,
1978 1553 2018 1624 et

624 1641 752 1724 mittit
770 1643 971 1754 exemplar
989 1641 1174 1724 formulae
1193 1639 1404 1755 praedius,
1427 1661 1469 1752 p.
1492 1672 1584 1756 297.

528 1789 595 1850 ao.
625 1764 803 1874 Epistola
822 1813 1042 1831 ------
1064 1764 1133 1872 [ad
1153 1761 1364 1872 collegium
1383 1765 1688 1878 Argentinense]
1711 1770 1758 1852 de
1778 1769 2015 1882 quibusdam

622 1885 667 1968 in
687 1885 842 1970 statutis
862 1884 1132 1980 emendandis,
1154 1902 1197 1994 p.
1219 1915 1238 1992 3
1273 1914 1310 1995 3.

527 2033 594 2090 21.
625 2012 761 2090 Sermo
779 2004 823 2088 in
840 2033 989 2088 errores
1008 2003 1171 2087 ecclesrae
1191 2009 1401 2100 Romanae,
1422 2025 1465 2116 p.
1487 2033 1580 2116 307.

409 2235 410 2238 .
525 2155 592 2212 22.
622 2133 817 2241 Excerpta
835 2156 883 2210 ex
902 2127 1108 2212 autoribus
1127 2125 1362 2226 scholasticis
1380 2126 1429 2220 de¹
1446 2147 1608 2237 peccato
1628 2129 1825 2239 originali,
1846 2155 1889 2246 p.
1911 2139 2015 2250 313.¹

526 2277 591 2360 23.
623 2251 747 2358 Qod
764 2250 860 2332 mali
880 2277 961 2334 non
985 2249 1109 2330 edunt
1128 2273 1272 2358 corpus
1294 2247 1476 2349 Domini,
1499 2277 1546 2331 ex
1566 2251 1760 2360 patribus,
1781 2276 1824 2364 p.
1847 2287 1939 2370 3¹7·

523 2399 590 2477 24.
620 2375 682 2456 De
700 2369 863 2456 veritate
879 2369 1056 2482 corporis
1077 2385 1116 2452 et
1133 2367 1333 2478 sanguinis
1354 2369 1525 2453 Domini
1547 2371 1590 2453 in
1609 2373 1842 2460 eucharistia
1863 2407 1912 2462 ex
1935 2409 2009 2492 pa.

463 2491 608 2592 tribus,
628 2522 652 2576 a
669 2493 836 2576 domino
856 2497 1005 2576 Ioanne
1024 2491 1172 2588 Cheke,
1186 2491 1340 2601 propria
1359 2523 1481 2588 manu,
1504 2511 1547 2605 p.
1570 2521 1663 2602 321.

516 2627 546 2663 “
566 2619 660 2716 Hac
683 2616 729 2725 est
738 2617 948 2728 sanderum
968 2632 1120 2724 patrum
1139 2612 1303 2710 Hilarii,
1329 2613 1558 2724 Chrisostami,
1577 2615 1788 2726 Augustini,
1814 2621 1944 2732 Cyrilli
1966 2625 2009 2705 de

313 2841 318 2848 ι
462 2737 667 2820 “ueritate
689 2739 843 2852 carparis
860 2757 895 2820 et
906 2738 1102 2852 sanguinis
1120 2738 1276 2820 Domini
1293 2737 1333 2818 in
1353 2735 1567 2844 eucharistia
1578 2740 1774 2850 sententia,
1802 2741 1843 2822 in
1863 2773 2007 2856 quante

462 2871 490 2906 “
511 2890 641 2972 quoque
660 2859 719 2972 effi
729 2863 910 2972 profiteor,
935 2891 1002 2947 nan
1020 2859 1113 2940 moda
1131 2861 1219 2968 qnia
1233 2874 1383 2966 propter
1401 2858 1655 2939 authoritatem
1673 2861 1844 2956 dpdlrinae
1861 2883 1896 2946 et
1913 2867 2007 2947 vita

463 2982 733 3094 “fermitatem
757 2983 862 3088 digni
875 2981 967 3090 stant
990 3009 1070 3090 quas
1081 2982 1289 3088 stquamnr,
1309 2977 1378 3084 ftd
1396 2980 1484 3086 quia
1507 2979 1688 3058 catholicae
1705 2982 1840 3088 Chresti
1861 2987 2005 3094 ecclefioe

461 3113 489 3148 “
509 3101 626 3185 eadem
643 3103 700 3212 fit
717 3101 927 3212 sententia:
963 3102 1083 3211 itaque
1111 3099 1151 3178 in
1181 3097 1248 3177 hac
1275 3095 1381 3204 causta
1412 3115 1447 3175 et
1474 3097 1514 3178 in
1546 3097 1694 3208 reliquis
1724 3101 1879 3184 omnihus
1911 3107 2004 3189 idem

458 3236 486 3272 ‘⁸
505 3255 559 3308 me
578 3225 748 3335 profitear
773 3224 890 3306 dicere
917 3239 951 3305 et
966 3223 1108 3335 ftntt're
1134 3217 1225 3328 quad
1235 3217 1369 3328 scantia
1395 3216 1529 3326 Chresti
1554 3237 1590 3298 et
1616 3219 1790 3301 catholica
1820 3241 1915 3306 tenet
1944 3257 2001 3312 ec-

458 3358 486 3395 “
506 3351 556 3430 cle
607 3348 641 3427 .''

514 3349 786 3578 ndoEpistola
805 3463 968 3553 Ioannis
985 3461 1119 3548 Cheke
1141 3461 1209 3570 [ad
1228 3459 1467 3546 cardinalem
1483 3459 1647 3572 Polum]
1669 3490 1786 3549 orans
1805 3481 1853 3548 ut
1866 3465 1938 3562 fibi
1956 3467 2000 3554 in

606 3587 805 3697 gremium
824 3583 988 3671 ecclefiae
1012 3583 1094 3692 jam
1117 3581 1250 3669 reduci
1267 3581 1315 3671 srt
1335 3580 1545 3690 benignus,
1567 3582 1658 3664 data
1677 3612 1725 3668 en
1744 3588 1870 3684 Turri
1887 3595 1999 3674 Lon-

607 3707 758 3790 dinensr
783 3735 829 3816 15
851 3705 950 3815 Julii
974 3711 1089 3815 1556,
1111 3725 1154 3817 p.
1177 3731 1268 3814 323.

511 3829 576 3916 26.
605 3833 740 3914 Letter
758 3827 864 3912 from
883 3827 951 3912 the
969 3827 1074 3910 same
1096 3845 1141 3918 to
1159 3827 1228 3906 the
1251 3851 1379 3934 queen
1404 3822 1645 3938 petitioning
1663 3827 1728 3912 for
1753 3829 1815 3912 his
1840 3829 1995 3947 liberty,

569 3941 572 3949 ’
606 3953 721 4035 dated
740 3951 847 4034 from
867 3949 936 4033 the
954 3955 1102 4031 Tower
1122 3949 1217 4058 July
1241 3973 1303 4056 15,
1330 3973 1376 4055 15
1383 3949 1447 4053 56,
1468 3965 1511 4057 p.
1535 3975 1627 4056 324.

510 4105 576 4187 27.
605 4074 803 4183 Dialogue
822 4074 998 4155 between
1017 4071 1087 4155 the
1104 4068 1203 4178 king
1221 4067 1300 4154 and
1320 4067 1382 4148 his
1402 4069 1555 4178 people,
1577 4089 1620 4180 p.
1642 4099 1733 4180 325.

508 4199 575 4282 28.
603 4204 672 4279 An
685 4195 833 4278 answer
847 4211 890 4276 to
905 4192 974 4274 the
992 4191 1143 4274 articles
1161 4189 1209 4271 of
1224 4189 1292 4272 the
1308 4187 1552 4272 Devonlhire
1567 4217 1673 4290 men,
1693 4194 1745 4303 by
1759 4193 1996 4308 archbilhop

603 4322 811 4400 Cranmer.
862 4315 1048 4422 Original,
1067 4332 1111 4424 p.
1134 4337 1228 4422 337.

601 4435 709 4550 These
731 4429 876 4520 articles
894 4465 991 4516 were
1007 4433 1246 4544 pnbh'shedby
1265 4431 1323 4514 the
1341 4432 1566 4541 Dcvonshire
1589 4463 1666 4516 men
1691 4437 1733 4518 in
1752 4436 1850 4519 their
1872 4439 1993 4554 ἐψιθ-

575 4605 578 4612 ¹
600 4563 736 4644 reciion
760 4585 887 4666 1549:
917 4575 953 4639 to
971 4555 1090 4640 which
1109 4571 1213 4636 event
1230 4553 1289 4635 the
1307 4551 1502 4663 preceding
1519 4551 1678 4666 dialogue
1702 4559 1769 4668 alstt
1791 4559 1930 4658 relates,
1951 4563 1994 4644 in

598 4681 718 4763 which
736 4681 794 4763 the
810 4679 898 4788 king
914 4677 946 4759 is
965 4675 1174 4762 introduced
1187 4673 1440 4785 expostulating
1457 4676 1551 4756 raith
1567 4675 1623 4758 his
1631 4677 1801 4789 subjecta,
1827 4681 1904 4764 and
1921 4699 1992 4790 up,

598 4803 771 4912 braiding
784 4803 877 4883 them
894 4801 988 4882 with
1004 4802 1100 4886 their
1115 4795 1417 4908 ingratitudefar
1431 4797 1491 4880 the
1504 4827 1607 4914 many
1620 4799 1772 4912 blqfflngs
1783 4801 1860 4914 they
1875 4801 1992 4915 ety'oy.

596 4925 644 5006 ed
657 4921 978 5036 nndcrhisrcign.¹
1696 5019 1701 5030 Ι

1854 5066 1922 5154 29·
1950 5037 1992 5134 A'
