4980 6264
1181 793 1266 892 CI.
1966 789 2029 926 67

475 987 622 1073 ueritus
640 1001 759 1070 autem
777 983 1014 1096 Gtocestroyts
1030 1011 1074 1068 ne
1089 1011 1186 1068 noua
1204 983 1404 1068 autoritate
1421 985 1765 1098 adperturbonduon
1782 985 1959 1101 rempubl
1941 1019 2035 1073 uam

476 1128 657 1206 uteretur,
676 1109 768 1193 hanc
780 1107 1064 1220 protestationem
1081 1107 1179 1217 regis
1196 1107 1433 1216 nominaſseri
1435 1109 1551 1218 fecit.

537 1237 576 1318 6.
605 1237 668 1316 De
684 1230 973 1346 episcopatibus
989 1227 1148 1342 Angliae
1166 1245 1206 1312 et
1222 1227 1364 1311 Scotiae
1383 1259 1427 1312 ιιι
1441 1231 1612 1341 Geooefio
1628 1225 1696 1314 Til
1678 1231 1846 1346 lbirieofi,
1865 1252 2033 1347 eop.39,

600 1373 643 1466 I·
664 1384 737 1463 91—

537 1504 578 1588 7.
608 1475 786 1588 Epistola
799 1473 953 1558 abbatis
962 1472 1128 1557 AEilredi
1141 1475 1192 1558 ad
1204 1472 1397 1559 illustrem
1412 1478 1903 1561 Normannorumducem
1915 1479 2033 1561 Hen-

604 1597 735 1682 ricum
763 1597 827 1680 sed
854 1597 1113 1708 postmodum
1141 1597 1372 1708 Anglorum
1399 1625 1534 1709 regem
1561 1599 1610 1685 de
1637 1599 1773 1684 sansto
1801 1607 2032 1684 Scottorum

606 1748 697 1830 rege
716 1719 869 1803 Davide
885 1737 926 1804 et
944 1721 993 1803 de
1010 1719 1169 1832 regibus
1188 1721 1347 1831 Angliae
1364 1721 1490 1834 usque
1508 1722 1558 1804 ad
1575 1723 1852 1834 conquestum,
1873 1741 1917 1834 p.
1943 1751 2033 1835 117.

537 1842 577 1926 8.
606 1844 753 1926 Foedus
777 1842 932 1926 faenum
961 1843 1066 1928 inter
1086 1843 1313 1927 Henricum
1331 1849 1384 1928 ΙΙ.
1413 1843 1570 1955 Angliae
1595 1863 1636 1928 et
1660 1845 1914 1928 Ludovicum
1937 1848 2031 1928 VII.

606 1969 641 2049 F
642 1966 787 2050 ranciae
811 1993 958 2076 regem,
987 1997 1032 2050 ιιι
1054 1969 1175 2052 ueteri
1192 1967 1286 2052 libro
1308 1971 1421 2080 Mag.
1440 1971 1555 2052 Price
1579 1971 1620 2051 in
1630 1970 1711 2084 fine
1733 1969 1890 2080 historia
1908 1967 2032 2065 Bedee,

599 2107 643 2200 p.
670 2117 759 2200 132.

538 2243 577 2322 9.
607 2211 872 2295 Enumeratio
901 2211 1067 2296 navium
1098 2210 1319 2323 inquibus
1351 2209 1580 2296 Gulielmus
1610 2209 1869 2326 Conquifitor
1898 2211 2032 2324 copias

606 2334 693 2417 suas
712 2333 998 2432 transfretavit,
1018 2365 1062 2417 ιιι
1079 2335 1172 2418 libro
1175 2334 1402 2446 stapraditio,
1423 2353 1467 2444 p.
1493 2365 1582 2446 133·

515 2537 518 2544 .
543 2485 606 2540 so.
636 2457 761 2562 Qod
786 2453 941 2538 ecclesla
964 2459 1013 2538 de
1032 2455 1247 2566 Haveking
1271 2455 1416 2564 injuste
1438 2473 1478 2538 et
1502 2457 1631 2542 invito
1655 2456 1836 2566 legitimo
1860 2471 2034 2567 patrono

633 2578 792 2660 dataest
807 2577 1004 2690 prioratui
1017 2580 1065 2660 de
1076 2579 1180 2661 Folk
1193 2607 1265 2690 per
1278 2577 1531 2662 Willelmum
1543 2581 1591 2660 de
1607 2579 1870 2676 Averanches,
1879 2596 1922 2688 p.
1943 2605 1957 2658 1
1966 2607 1986 2685 3
1995 2605 2031 2685 5.

538 2713 566 2748 “
586 2694 674 2782 This
683 2701 861 2810 president
887 2703 920 2781 is
937 2719 972 2782 to
989 2700 1031 2782 he
1043 2703 1188 2812 sanein
1205 2701 1459 2810 theleigereff
1474 2703 1533 2783 the
1560 2703 1634 2783 late
1659 2700 1828 2810 dt'ſjo'lued
1843 2700 2032 2811 monasteoy

482 2833 509 2872 “
528 2825 576 2934 off
585 2826 641 2904 St.
663 2821 874 2931 Radagund
892 2821 951 2903 the
968 2824 1100 2932 virgin
1119 2853 1204 2906 nere
1222 2826 1355 2908 Douer
1372 2821 1487 2906 under
1503 2824 1576 2906 this
1594 2823 1688 2920 title,
1716 2821 2035 2932 Conpositiosuper

481 2955 509 2994 “
529 2945 693 3041 decimas,
719 2945 840 3026 which
861 2945 975 3052 lieger
991 2945 1091 3028 hooke
1112 2945 1311 3028 renaineth
1328 2945 1405 3027 and
1424 2945 1456 3026 is
1480 2965 1516 3028 to
1535 2945 1577 3026 be
1587 2947 1674 3056 sene
1695 2945 1789 3027 with
1812 2973 1867 3026 me
1886 2937 2034 3027 Thomas

481 3079 508 3114 “
528 3071 613 3152 Han
633 3067 767 3150 wood.”

604 3099 633 3182 y
787 3203 813 3239 “
835 3195 914 3276 Per
932 3221 985 3274 me
1001 3183 1170 3274 Thamnus
1188 3190 1394 3304 Honywood
1400 3191 1557 3302 propria
1573 3193 1721 3274 manu.''

541 3343 604 3398 11.
633 3315 784 3399 Charta
802 3313 956 3397 abbatis
972 3330 1012 3395 et
1029 3329 1251 3396 conventus
1271 3314 1320 3396 de
1335 3315 1445 3394 Bello
1462 3311 1546 3424 qua
1564 3314 1854 3422 affignaverunt
1872 3311 2036 3398 sacrista

481 3437 553 3520 suo
570 3438 619 3520 de
638 3441 749 3521 Bello
768 3442 847 3545 40⁸.
869 3435 1082 3520 annuatim
1099 3437 1148 3518 de
1165 3435 1296 3540 reditu
1315 3435 1484 3520 manerii
1500 3437 1549 3518 de
1564 3440 1648 3546 Wy
1663 3435 1707 3518 in
1725 3456 1967 3547 perpetuum
1985 3439 2036 3518 ad

478 3557 649 3643 faciend.
679 3560 843 3671 fingulis
875 3559 991 3642 annis
1024 3557 1336 3642 anniversarium
1365 3563 1479 3668 Mag.
1504 3557 1702 3642 Willelmi
1731 3559 1780 3642 de
1808 3557 2035 3642 Bruneford

480 3685 688 3792 quondam
709 3683 844 3767 vicarii
861 3683 909 3765 de
928 3685 1025 3792 Wy,
1046 3684 1140 3764 data
1160 3685 1184 3764 6
1205 3680 1305 3790 Julii
1332 3709 1447 3792 1²99·
1554 3711 1560 3724 ¹

536 3809 743 3916 Sequuntur
759 3813 852 3890 nota
870 3805 1032 3918 quadam
1050 3805 1092 3888 de
1108 3806 1195 3888 aliis
1213 3805 1254 3886 in
1272 3805 1384 3886 eodem
1401 3805 1495 3888 tibro
1511 3807 1694 3903 contentis,
1714 3805 1799 3888 viz.

538 3937 565 3974 “
584 3931 650 4010 Ex
666 3927 779 4012 eodem
795 3928 888 4010 lo'hro
909 3930 1148 4013 intercursus
1166 3927 1209 4010 de
1225 3927 1371 4010 decimis
1388 3929 1517 4010 mentio
1529 3931 1585 4038 fit
1602 3927 1695 4039 quod
1708 3929 1832 4038 AEilpi
1849 3945 1885 4010 et
1901 3927 2033 4010 AEthe-

481 4059 509 4098 “
528 4049 606 4134 lida
621 4051 794 4134 dederuut
809 4050 981 4134 decimam
992 4050 1102 4162 suaon
1119 4053 1162 4132 da
1179 4049 1373 4134 Broooham
1391 4079 1471 4134 aum
1479 4051 1565 4160 filio
1575 4049 1644 4161 suo
1662 4049 1866 4148 Benedihio,
1893 4050 1959 4162 qui
1975 4049 2033 4160 ef-

482 4173 644 4280 “fridus
659 4174 705 4284 ιβ
723 4173 922 4271 monachus,
942 4173 1068 4284 absque
1084 4173 1181 4254 otoni
1197 4173 1380 4256 calumnia
1397 4173 1438 4256 in
1448 4191 1662 4285 perpetuum
1678 4172 1901 4254 tenendan.”

539 4300 693 4378 “Inter
718 4316 841 4380 cartas
868 4297 910 4378 de
937 4296 1177 4406 Haukeherste
1202 4295 1354 4378 hahetur
1380 4315 1488 4378 carta
1515 4294 1666 4378 Roherti
1680 4297 1766 4404 filii
1792 4295 1967 4378 Wlleloui
1991 4293 2034 4374 de

481 4425 509 4464 “
531 4417 719 4528 stepings,
749 4420 814 4530 qui
829 4419 927 4502 dedit
952 4419 1098 4530 ecclefia
1121 4421 1162 4502 S.
1181 4420 1353 4502 Martini
1376 4419 1418 4500 de
1441 4419 1539 4502 Bello
1562 4436 1599 4500 et
1624 4419 1801 4501 monachis
1827 4415 1957 4498 ibidem
1984 4415 2037 4496 ad

482 4543 509 4586 “
529 4538 646 4652 onustas
663 4541 887 4624 celebrandas
903 4558 1013 4624 totam
1032 4541 1204 4625 deciman
1222 4542 1308 4624 uini
1324 4541 1368 4624 de
1385 4542 1575 4652 vineastea
1594 4541 1637 4623 de
1653 4539 1898 4650 Celinghaon.”

538 4675 565 4710 “
587 4667 691 4746 Inter
708 4681 831 4746 cartas
848 4663 1079 4773 episcoporum
1099 4663 1233 4777 Moyses
1253 4663 1392 4776 quidem
1404 4665 1513 4775 prior
1531 4664 1736 4747 Coventria
1755 4662 1975 4758 nominatur,
1997 4679 2033 4742 et

481 4793 509 4830 “
530 4783 660 4868 ibidem
686 4787 838 4870 habetur
860 4787 1080 4896 coeyirmatio
1097 4786 1265 4870 Iohannis
1282 4789 1548 4896 Cantuarieofis
1566 4786 1819 4899 archiepiscopi
1839 4785 1881 4866 de
1897 4783 2035 4892 ecclesta

483 4917 511 4952 “
531 4907 573 4992 de
586 4913 653 5020 Wy
663 4938 742 4994 cum
757 4909 902 4992 decimis
914 4925 949 4991 et
957 4911 1114 5020 peofione
1131 4909 1481 5021 quinquefolidorum
1495 4909 1542 4992 ab
1556 4909 1691 5018 ecclesia
1705 4907 1747 4991 de
1760 4903 2034 5012 Hauheherste.”

539 5041 566 5076 “
588 5035 701 5113 Hunc
724 5032 858 5114 librum
877 5033 1110 5114 mutuandum
1128 5031 1226 5117 dedit
1241 5051 1313 5144 pro
1330 5049 1482 5144 tempore
1506 5030 1652 5148 quidam
1672 5031 1832 5142 minister
1849 5060 1894 5112 ex
1904 5027 2036 5146 1[ιιιιΙΙι

481 5161 510 5198 “
529 5153 629 5261 regio
646 5174 794 5238 uocatus
811 5154 1000 5264 Hattefi.’'

1194 5279 1257 5360 12
1823 5301 1882 5355 12.
1912 5276 2038 5382 Qud
