5054 6256
1122 749 1276 850 CXC.

583 959 612 1000 “
634 950 693 1033 IV
697 1011 706 1032 .
726 949 790 1031 De
808 938 967 1026 tristitia
986 933 1117 1023 seculi.

584 1085 611 1121 “
633 1073 685 1153 V.
705 1073 768 1152 De
788 1062 964 1149 avaritia.

583 1205 610 1241 “
629 1196 701 1275 VI.
721 1195 784 1273 De
801 1185 950 1272 ventris
969 1183 1163 1296 ingluviei

585 1327 612 1362 “
632 1317 725 1397 VII.
746 1317 809 1396 De
829 1307 1002 1394 luxuria.

582 1450 611 1487 “
632 1439 745 1520 VIII.
767 1439 831 1518 De
848 1429 1113 1516 fornicatione
1132 1427 1341 1514 laicorum.

583 1573 611 1608 “
632 1564 703 1643 IX.
724 1563 787 1641 De
807 1553 1077 1640 observatione
1095 1552 1424 1662 conjugatorum.¹

583 1694 609 1730 “
631 1684 682 1766 X.
703 1687 766 1765 De
783 1677 1050 1762 fornicatione
1068 1673 1304 1762 clericorum
1322 1671 1398 1757 sive
1417 1665 1795 1784 sanstiinonialiumg

582 1815 611 1856 “
629 1807 703 1888 XI.
723 1807 788 1887 De
806 1799 1015 1884 adulterio.

583 1939 611 1976 “
631 1929 725 2010 XII.
744 1926 809 2009 De
826 1921 1066 2006 incestuosis.

584 2062 613 2098 ‘⁶
632 2051 747 2132 XIII.
766 2051 830 2130 De
849 2043 1073 2130 homicidis.

585 2183 612 2219 “
631 2173 745 2253 XIV.
764 2173 827 2252 De
845 2167 944 2251 falso
960 2163 1189 2250 testimonio
1207 2181 1247 2249 et
1266 2166 1486 2250 mendacio.

466 2379 471 2394 ,
585 2305 613 2342 “
635 2294 727 2376 XV.
748 2295 811 2374 De
828 2287 941 2374 furto
958 2305 999 2372 et
1016 2287 1202 2374 incendio
1218 2307 1259 2372 et
1276 2289 1555 2404 sepulchorum
1573 2285 1846 2374 violatoribus.

585 2426 612 2462 “
632 2419 745 2498 XVI.
765 2419 828 2497 De
845 2412 1034 2526 perjurio.

584 2548 611 2584 “
630 2537 763 2620 XVII.
783 2539 847 2619 De
865 2535 1005 2648 rapina
1023 2550 1063 2618 et
1079 2533 1199 2618 usura
1217 2550 1258 2616 et
1277 2534 1351 2646 qui
1368 2533 1540 2650 hospites
1559 2559 1646 2617 non
1665 2531 1804 2646 recipit
1821 2548 1863 2616 et
1887 2558 2006 2618 man·

787 2669 814 2706 “
834 2659 929 2741 data
945 2657 1170 2770 evangelica
1187 2679 1273 2739 non
1291 2657 1444 2770 implet.

586 2792 612 2830 “
632 2783 786 2866 XVIII.
806 2779 869 2864 De
887 2779 1074 2863 ebrietate
1093 2796 1133 2861 et
1149 2777 1320 2862 vomitu.

587 2914 615 2952 “
635 2907 748 2989 XIX.
767 2907 831 2986 De
849 2901 1034 2986 idolatria
1050 2919 1091 2984 et
1108 2897 1308 3010 sacrilegio
1326 2915 1366 2982 et
1383 2899 1456 3011 qui
1471 2901 1647 3010 Angelos
1666 2901 1809 2984 colunt
1826 2913 1867 2982 et
1885 2899 2010 2984 male·

768 3023 912 3108 “ficos
937 3023 1081 3108 ariolos
1108 3021 1304 3109 veneficos
1325 3022 1526 3132 sortilegos
1555 3019 1709 3108 divinos
1732 3037 1773 3106 et
1798 3035 1894 3106 vota
1920 3023 2010 3104 red-
2062 3119 2065 3130 y

771 3159 798 3194 “
818 3147 955 3230 dentes
969 3144 1042 3228 nisi
1061 3147 1111 3227 ad
1125 3145 1322 3228 ecclesiam
1336 3144 1414 3228 Dei
1431 3162 1471 3228 et
1489 3145 1532 3228 in
1551 3146 1738 3232 kalendas
1752 3147 1843 3254 Jan.
1862 3143 1907 3228 in
1925 3171 2010 3227 cer-

770 3276 798 3320 “
817 3270 914 3351 vulo
937 3286 977 3350 et
1001 3267 1044 3350 in
1062 3269 1197 3352 vetula
1215 3265 1337 3366 vadit,
1366 3281 1407 3350 et
1426 3268 1728 3354 mathematicos
1749 3285 1789 3354 et
1813 3266 2009 3351 emissores

769 3402 795 3440 “
816 3390 1111 3504 tempestatum.

586 3526 614 3562 “
634 3517 728 3596 XX.
747 3517 812 3597 De
828 3509 1032 3596 sodomitis
1052 3526 1092 3595 et
1111 3511 1300 3596 mollibus
1319 3527 1359 3595 et
1379 3511 1598 3599 immundis
1616 3510 1926 3626 pollutionibus.

588 3648 615 3682 “
634 3639 748 3721 XXI.
769 3639 832 3718 De
850 3633 1130 3718 maledictione
1148 3653 1189 3717 et
1207 3633 1465 3720 detractione.

503 3867 505 3873 Ι
589 3769 615 3804 “
637 3759 771 3840 ΧΧΙΙ.
791 3755 854 3840 De
873 3755 1161 3842 communione
1179 3757 1459 3842 hereticorum.

590 3892 616 3927 “
636 3877 790 3964 XXIII.
810 3881 873 3964 De
891 3877 1122 3964 discretione
1140 3877 1323 3964 ciborum
1342 3879 1503 3964 mundis
1523 3897 1564 3962 et
1580 3879 1815 3966 immundis.

590 4015 617 4050 “
637 4001 790 4085 XXIV.
810 4007 873 4084 De
887 3998 950 4085 his
966 4001 1038 4114 qui
1054 3997 1303 4086 ecclesiastica
1321 3999 1471 4110 jejunia
1485 3999 1630 4113 absque
1645 4004 1864 4088 necessitate
1878 3999 2011 4084 diffol-
2089 4039 2092 4046 ¹

813 4137 840 4172 “
860 4141 963 4207 vunt
983 4127 1088 4210 etde
1108 4124 1169 4242 his
1189 4123 1262 4236 qui
1279 4122 1510 4208 venationes
1530 4143 1725 4206 exercent.

590 4257 616 4293 “
638 4251 779 4360 XXV.
791 4253 853 4332 De
870 4247 1066 4332 otiositate
1084 4263 1124 4330 et
1141 4243 1374 4354 verbositate
1392 4265 1432 4330 et
1450 4245 1754 4358 sompnolentia.
1906 4313 1910 4324 .

591 4381 618 4415 “
638 4374 790 4454 XXVI.
809 4375 873 4454 De
891 4369 1161 4454 inobedientia
1177 4389 1217 4454 et
1234 4368 1486 4482 blasphemia.

592 4503 620 4538 “
640 4492 813 4576 XXVII.
833 4497 896 4576 De
914 4493 1225 4604 cogitationibus
1243 4493 1371 4576 malis.

589 4625 616 4662 “
636 4619 829 4698 XXVIII.
850 4621 913 4698 De
932 4617 1052 4699 verbo
1070 4613 1210 4699 otioso.

592 4750 619 4783 “
640 4741 793 4820 XXIX.
813 4743 876 4820 De
894 4737 1131 4822 curiositate.

591 4869 617 4906 “
637 4863 770 4944 XXX.
790 4865 853 4944 De
872 4860 1069 4972 baptismo
1088 4860 1271 4946 reiterato
1294 4877 1334 4946 et
1358 4865 1407 4948 de
1424 4891 1542 4976 opere
1566 4862 1629 4948 die
1651 4860 1854 4948 dominico
1871 4878 1913 4946 et
1939 4863 2012 4974 qui

757 4981 763 4992 '
792 4995 819 5031 “
839 4983 902 5067 die
921 4983 1125 5068 dominico
1141 4985 1337 5092 jejunant.

590 5116 617 5152 “
636 5109 789 5191 XXXI.
809 5111 873 5191 De
892 5107 1133 5220 negligentia
1150 5108 1405 5195 eucharistiae.

980 5291 986 5296 -
1144 5233 1255 5315 le
1706 5245 1733 5340 .“
1754 5235 1928 5320 XXXII.
1949 5237 2013 5318 De
