5036 6264
495 769 593 872 134
1171 739 1352 842 CXIII.

610 939 659 1006 ut
678 913 815 1036 penlio
841 919 1056 1033 allignetur
1076 921 1261 1010 Sleidano
1290 952 1437 1038 arege,
1463 937 1515 1009 ut
1543 921 1750 1015 historiam
1771 927 1883 1016 luam
1913 930 2042 1018 refor-

611 1043 803 1130 mationis
823 1044 991 1127 ecclesrae
1009 1045 1092 1152 jam
1114 1047 1269 1132 dudum
1288 1049 1491 1160 inceptam
1513 1048 1702 1160 perficere
1721 1075 1856 1162 queat,
1879 1074 1920 1166 p.
1945 1083 2003 1162 13.

544 1193 581 1275 5.
611 1165 791 1277 Epistola
822 1167 1000 1276 [Buceri]
1032 1171 1083 1250 ad
1110 1169 1141 1252 Ι.
1158 1173 1411 1254 Haddonum
1439 1175 1825 1288 dataCantabrigiae
1850 1179 2038 1278 22Ma'1i,

397 1275 401 1282 ⁶
617 1315 734 1398 1550,
763 1289 813 1371 de
832 1289 1096 1374 matrimonio
1115 1293 1325 1377 contrac‘lo
1344 1313 1384 1378 et
1403 1294 1684 1382 consummato
1704 1301 1840 1386 invitis
1862 1303 2040 1416 parenti·

612 1413 704 1510 bus,
761 1440 852 1494 .21.

544 1537 582 1618 b.
612 1429 792 1644 Epistdla
825 1534 1003 1646 [Buceri]
1040 1537 1090 1620 ad
1112 1537 1346 1643 ⁸Iohannem
1381 1539 1570 1624 Chekum
1603 1544 1652 1625 de
1685 1547 1801 1630 caula
1831 1549 2039 1654 cujusdam

611 1655 736 1740 Blithi
767 1657 926 1766 collegii
954 1655 1046 1768 Jesu
1072 1657 1180 1758 socii,
1212 1661 1284 1771 qui
1318 1661 1519 1773 papisticae
1551 1662 1821 1773 superstitioni
1854 1670 2038 1753 addictus

609 1798 754 1891 prater
780 1780 864 1862 duo
888 1779 1080 1863 beneficia
1108 1782 1362 1866 ecclesiastica
1385 1781 1569 1866 sodalitio
1596 1804 1636 1866 et
1665 1787 1822 1896 optimo
1848 1791 2037 1874 cubiculo

609 1899 741 1982 adhuc
756 1895 981 1998 fruebatur,
1003 1919 1242 2012 etnepotem
1257 1895 1376 1986 suum
1396 1900 1440 1984 in
1455 1901 1639 1988 sodalitio
1651 1903 1906 1994 successorem
1924 1907 2037 1996 insti·

607 2039 721 2103 tuere
740 2019 945 2104 nitebatur
957 2057 970 2118 t
998 2022 1092 2104 data
1110 2023 1381 2132 Cantabrigiae
1403 2051 1423 2131 3
1443 2028 1541 2108 Dec.
1567 2052 1686 2135 1550,
1708 2047 1752 2138 p.
1770 2059 1835 2140 31.

539 2171 579 2259 7.
609 2141 890 2252 Reasonswhy
905 2143 1116 2226 thelordes
1137 2145 1287 2228 boorde
1301 2143 1467 2230 lhoulde
1488 2146 1624 2228 rather
1642 2149 1691 2230 be
1710 2150 1813 2236 after
1824 2153 1892 2236 the
1907 2151 2038 2236 forme

426 2269 430 2280 ’
603 2265 653 2352 of
678 2293 701 2348 a
728 2265 835 2348 table
863 2263 965 2348 than
993 2264 1042 2348 of
1067 2291 1118 2348 an
1148 2267 1292 2366 aultar,
1321 2268 1530 2378 imprynted
1552 2288 1594 2350 at
1620 2271 1771 2355 London
1798 2273 1841 2384 by
1866 2275 2040 2358 Richard

484 2482 488 2494 ¹
606 2389 770 2500 Graflbn
782 2387 936 2497 printer
953 2405 988 2470 to
1006 2387 1066 2470 the
1083 2389 1189 2498 kingt
1208 2387 1377 2498 majcstie,
1403 2416 1521 2496 1550,
1544 2407 1585 2498 p.
1603 2419 1670 2499 39.

537 2513 576 2598 8.
605 2512 786 2623 Epistola
803 2509 945 2592 Buceri
964 2515 1013 2592 de
1031 2509 1295 2596 demoliendis
1316 2511 1535 2610 altaribus,
1546 2530 1589 2621 p.
1604 2541 1671 2618 41·

535 2665 575 2746 9.
604 2632 782 2747 Epistola
803 2632 943 2714 Buceri
964 2633 1014 2715 ad
1031 2637 1290 2744 Gropperum
1311 2635 1405 2716 data
1426 2634 1580 2716 Bonnae
1608 2633 1797 2744 postridie
1822 2635 2032 2720 circumci-

603 2757 723 2842 fionis
749 2783 867 2866 1543,
888 2755 931 2837 111
951 2785 1033 2866 qua
1053 2755 1090 2838 se
1108 2754 1291 2840 defendit
1307 2757 1420 2868 quod
1438 2755 1653 2840 secundam
1672 2784 1841 2842 uxorem
1861 2787 2031 2874 eamque

600 2878 766 2961 viduam
786 2894 929 2958 contra
947 2903 1120 2960 canones
1140 2879 1321 2973 duxerat,
1344 2894 1387 2985 p.
1405 2901 1472 2982 45.

538 3027 598 3086 10.
629 2995 808 3110 Epistola
827 2997 969 3078 Buceri
998 2999 1048 3078 ad
1067 3000 1242 3080 eundem
1269 3001 1363 3080 data
1381 3002 1535 3080 Bonnae
1562 2997 1689 3108 pridie
1714 2997 1904 3090 kalendas
1924 3001 2030 3083 Feb-

630 3117 783 3204 ruarias
808 3143 927 3226 1543,
947 3113 989 3200 in
1010 3143 1091 3229 qua
1110 3116 1146 3200 se
1165 3115 1342 3202 vindicat
1360 3135 1503 3202 contra
1522 3115 1795 3216 Colonienses,
1816 3118 1963 3230 quibus
1983 3139 2031 3204 ut

626 3241 886 3330 Lutheranus
908 3239 1043 3324 minus
1062 3257 1200 3350 gratus
1220 3257 1317 3338 erat,
1340 3258 1383 3352 p.
1403 3267 1468 3350 57.

536 3395 599 3456 11.
629 3365 808 3477 Epistola
823 3363 965 3446 Buceri
984 3365 1078 3446 data
1093 3361 1281 3472 Augustae
1296 3389 1344 3444 ex
1364 3361 1505 3444 illustr.
1523 3359 1652 3472 princ.
1673 3359 1833 3444 elet'lor.
1851 3365 2027 3446 Brande-

625 3478 731 3594 burg
749 3481 961 3568 diversorio
981 3489 1081 3594 Apr.
1103 3509 1164 3593 13,
1192 3481 1309 3592 1548,
1339 3482 1383 3565 in
1408 3511 1488 3590 qua
1508 3481 1706 3564 summam
1734 3481 1928 3566 dodlrinae
1947 3483 2025 3566 sure

625 3607 762 3706 tradit,
782 3607 889 3688 etde
908 3605 1158 3688 ecclesiarum
1178 3603 1504 3688 reconciliatione
1524 3603 1619 3712 agit,
1642 3622 1684 3712 p.
1703 3603 1769 3710 69.
1875 3603 1911 3739 φ’

444 3713 446 3721 ¹
535 3763 595 3820 12.
625 3729 805 3842 Epistola
832 3727 973 3810 Buceri
1003 3731 1053 3810 ad
1081 3747 1212 3838 patres
1242 3726 1440 3838 synodum
1468 3727 1735 3807 celebraturos
1770 3722 1830 3831 [in
1860 3723 2025 3809 droecel't

483 3919 487 3930 .
627 3849 877 3956 colonienfi]
898 3851 991 3932 data
1011 3847 1163 3933 Bonnae
1185 3853 1321 3959 9Feb.
1348 3873 1467 3958 1543,
1497 3847 1540 3928 111
1569 3873 1649 3956 qua
1669 3861 1798 3927 totam
1827 3847 2023 3932 doctrina

624 3998 663 4062 et
683 3974 776 4060 fidei
795 3972 873 4055 suae
893 3973 1091 4056 rationem
1112 3973 1166 4054 eis
1186 3975 1373 4068 declarat,
1396 3990 1439 4083 p.
1457 3999 1481 4077 9
1488 3995 1524 4078 5.

533 4129 598 4214 13.
627 4097 807 4212 Epistola
826 4093 966 4178 Buceri
988 4097 1081 4177 data
1107 4123 1154 4204 17
1174 4092 1279 4176 Maii
1302 4120 1420 4202 1547,
1443 4091 1487 4173 111
1508 4117 1589 4200 qua
1611 4087 1694 4198 agit
1713 4090 1762 4169 dc
1782 4089 1899 4172 rebus
1919 4093 2024 4172 Ger-

626 4218 792 4306 manicis
813 4215 1028 4328 praesertim
1049 4219 1097 4297 de
1116 4243 1211 4326 pace
1231 4243 1325 4296 cum
1345 4214 1585 4326 imperatore
1606 4208 1726 4305 faeta,
1749 4227 1790 4316 p.
1815 4237 1905 4318 119.

534 4375 597 4454 14.
629 4341 804 4454 Epistola
818 4337 960 4421 Buteri
976 4339 1025 4418 ad
1040 4336 1319 4444 Bullingerum
1335 4338 1428 4417 data
1442 4329 1704 4440 Argentorati
1723 4357 1769 4412 21
1790 4333 1881 4437 Jan.
1904 4359 2022 4440 1545,

624 4467 667 4550 in
687 4490 769 4574 qua
788 4461 872 4570 agit
891 4462 939 4541 de
961 4458 1064 4540 libro
1082 4456 1304 4565 Bullingeri
1323 4473 1465 4537 contra
1484 4451 1721 4546 Cochleum,
1752 4472 1791 4532 et
1810 4454 1859 4533 de
1879 4453 2022 4532 (1111011-

624 4591 736 4672 tione
766 4583 870 4666 inter
899 4579 1082 4664 doctores
1109 4579 1271 4662 ecclesrae
1301 4575 1528 4660 reformata
1558 4574 1606 4656 de
1634 4569 1870 4653 eucharistia
1896 4597 2021 4679 quarn

620 4713 737 4793 valde
758 4708 953 4816 deplorat,
983 4703 1173 4812 additque
1192 4701 1379 4810 quaedam
1404 4699 1453 4782 de
1480 4693 1652 4807 presenti
1672 4691 1776 4773 statu
1796 4692 2023 4774 Germania

622 4845 663 4913 et
682 4834 731 4912 de
749 4827 921 4910 concilio
941 4825 1127 4907 Trideut.
1147 4852 1171 4906 a
1189 4825 1317 4904 Paulo
1336 4823 1396 4904 III
1416 4833 1615 4912 revocato,
1639 4831 1682 4922 p.
1705 4836 1793 4919 127.

533 4983 594 5067 15.
624 4951 802 5063 Epistola
818 4945 959 5030 buceri
980 4948 1029 5026 ad
1047 4943 1325 5026 Bibliandrum
1345 4944 1395 5024 de
1409 4933 1670 5029 Carlostadio,
1691 4933 1739 5067 de
1755 4931 2023 5068 controuersia

623 5074 728 5154 iuter
747 5067 975 5151 Lutherum
996 5082 1036 5147 et
1055 5063 1310 5175 ZuInglium,
1336 5081 1376 5148 et
1397 5063 1445 5145 de
1464 5057 1541 5144 suis
1564 5055 1744 5166 [Bucen]
1768 5053 2021 5137 retractam-

617 5198 707 5292 bus,
729 5209 772 5303 p·
794 5217 884 5300 133·
1752 5295 1814 5380 16.
1843 5291 2023 5404 Epistola
