5054 6256
1207 747 1356 846 CXC.

633 933 660 973 “
679 921 864 1008 LXXVI.
886 927 948 1008 De
967 925 1100 1009 natale
1118 929 1303 1014 Domini.

631 1055 659 1092 “
680 1045 885 1128 LXXVII.
907 1047 969 1128 De
988 1045 1281 1156 purificatione.

584 1275 589 1284 Ι
632 1173 659 1210 “
677 1165 904 1250 LXXVIII.
925 1168 986 1248 De
1007 1165 1302 1277 septuagesima.

630 1293 659 1330 “
678 1283 863 1366 LXXIX.
884 1289 947 1368 De
967 1285 1097 1396 capite
1114 1287 1269 1396 jejunii.

627 1417 655 1454 ‘⁸
676 1406 838 1490 LXXX.
860 1409 923 1492 De
942 1406 1005 1489 die
1024 1409 1268 1518 palmarum.

628 1537 656 1573 “
677 1527 862 1608 LXXXI.
883 1530 946 1610 De
964 1554 1062 1610 cena
1081 1527 1265 1614 Domini.
1358 1625 1363 1638 ,

630 1657 658 1694 “
677 1645 882 1728 LXXXII.
904 1648 967 1727 De
986 1645 1204 1754 parasceve.

632 1777 659 1814 “
680 1765 904 1848 LXXXIII.
924 1769 987 1848 De
1007 1763 1171 1852 sabbato
1190 1767 1344 1852 sanilo?

630 1897 657 1932 “
677 1885 901 1968 LXXXIV.
924 1888 987 1966 De
1004 1883 1068 1966 die
1086 1885 1224 1970 saneto
1243 1887 1413 1999 paschae.

629 2012 655 2048 “
677 2004 879 2086 LXXXV.
901 2007 964 2087 De
984 2005 1219 2118 pentecoste.

628 2135 655 2172 “
673 2123 898 2207 LXXXVI.
918 2129 980 2206 De
997 2123 1152 2234 jejunio
1170 2143 1345 2234 quatuor
1356 2143 1560 2239 tempora.

628 2255 657 2296 “
676 2245 921 2326 LXXXVII.
942 2248 1004 2327 De
1022 2244 1245 2356 penitentia
1264 2247 1489 2332 communi.

628 2376 655 2412 “
675 2363 940 2448 LXXXVIII.
960 2367 1023 2448 De
1034 2365 1473 2452 excommunicatione.

626 2496 653 2534 “
675 2483 896 2566 LXXXIX.
916 2487 979 2568 De
999 2483 1262 2568 ecclesiasticis
1288 2487 1442 2572 officiis.

628 2617 656 2654 “
676 2604 765 2686 XC.
785 2605 848 2686 De
867 2605 1114 2690 extinitione
1134 2606 1355 2692 luminum.

625 2737 652 2774 “
672 2725 779 2806 XCI.
799 2726 862 2826 De
880 2743 1056 2835 quatuor
1075 2743 1258 2838 tempora
1275 2726 1448 2838 qualiter
1466 2743 1652 2842 agantur.

624 2859 652 2896 “
672 2847 803 2927 XCII.
823 2849 887 2928 De
906 2845 1133 2930 incestuofis
1153 2863 1192 2928 et
1212 2847 1438 2934 homicidis.
1596 2888 1600 2896 ·

620 2977 648 3014 ‘³
668 2965 815 3050 XCIII.
835 2967 1481 3081 Deexcomrnunicatis.quiinviti
1491 2971 1542 3056 ad
1551 2969 1818 3084 penitentiam
1832 2985 2017 3080 agantur.

623 3221 650 3258 “
670 3209 796 3292 XCV.
815 3209 879 3296 De
898 3207 1115 3322 improviso
1132 3209 1284 3318 judicio
1303 3207 1481 3322 seculari.

622 3341 650 3378 “
670 3327 816 3412 XCVI.
836 3333 900 3412 De
918 3329 1270 3414 excommunicato
1290 3356 1363 3440 pro
1382 3327 1545 3442 capitali
1562 3327 1744 3414 crimine.

621 3460 649 3498 “
668 3449 836 3533 XCVII.
856 3453 919 3533 De
938 3448 1178 3532 confessione
1197 3468 1237 3534 et
1256 3448 1573 3561 penitentiarum
1598 3449 1769 3532 afflone.

620 3582 647 3618 “
668 3572 853 3658 XCVIII.
874 3573 937 3652 De
951 3586 1094 3680 quarta
1108 3569 1209 3654 feria
1223 3571 1397 3684 qualiter
1411 3567 1458 3654 in
1476 3572 1605 3684 capite
1623 3569 1766 3678 jejunii
1782 3566 1886 3654 circa
1902 3572 2020 3682 peni-

878 3702 905 3738 “
927 3707 1055 3772 tentes
1077 3711 1233 3801 agatur.

623 3821 652 3861 “
673 3811 819 3895 XCIX.
838 3813 901 3893 De
917 3809 1189 3921 penitentibus
1206 3812 1378 3924 qualiter
1395 3811 1440 3898 in
1460 3839 1558 3898 cena
1569 3808 1741 3896 Domini
1761 3809 1805 3894 in
1817 3809 2017 3928 ecrIefiarn

838 3941 865 3978 “
886 3929 1240 4016 introducuntur?

529 4085 589 4164 14.
620 4067 648 4104 “
668 4053 966 4136 INCIPIUNT
995 4057 1115 4137 CAP.
1148 4057 1225 4136 DE
1254 4057 1424 4140 LIBRO
1454 4053 1922 4138 SCINTILLARUM.”

617 4173 755 4281 Omiffis
781 4173 943 4256 rubricis
971 4173 1096 4256 horum
1121 4176 1364 4284 capitulorum
1391 4204 1537 4258 numero
1563 4195 1720 4269 Lxxl1,
1748 4172 1939 4254 veniamus
1967 4173 2022 4256 ad

617 4313 752 4378 caetcra
771 4295 878 4401 hujus
895 4295 1027 4379 codicis
1044 4314 1222 4392 contenta,
1244 4325 1395 4406 quorum
1413 4295 1516 4378 nulla
1518 4295 1576 4399 fit
1589 4293 1727 4378 mentio
1745 4293 1787 4374 in
1805 4293 1938 4376 indice.

527 4413 991 4528 15.npinotanrs0nis
1026 4415 1216 4502 monachi
1251 4419 1302 4501 ad
1332 4415 1579 4526 Gerbergam
1612 4413 1795 4526 reginam
1826 4416 1876 4498 de
1908 4412 2015 4498 anti·

618 4533 778 4620 christo.
1523 4520 1539 4552 ⁸

907 4657 934 4708 ⁴*
992 4659 1018 4712 '¹
1074 4687 1185 4744 manu
1204 4657 1401 4742 recentiori
1455 4659 1482 4711 ⁴*
1538 4659 1567 4712 ⁴¹*

526 4783 587 4865 16.
617 4778 808 4894 Capitula
825 4775 985 4862 concilii
1004 4779 1190 4864 celebrati
1210 4781 1320 4896 apud
1339 4777 1611 4862 Wintoniam.
1933 4899 1968 4978 C

1843 4921 1903 5010 17.
1970 4925 2013 4981 a·

990 5227 1059 5316 14·]
1076 5226 1430 5300 uacccxxxvu.
1447 5250 1479 5315 4.
1583 5309 1585 5316 y
