5054 6256
1089 853 1094 865 ,
1162 753 1313 850 CXC.
1951 796 2043 893 273

552 969 614 1052 17.
642 939 835 1056 Capitula
853 935 1222 1032 conciliicelebrati
1241 938 1350 1049 apud
1372 935 1669 1024 Windlesoram
1689 940 1730 1025 in
1753 943 2027 1032 Pentecosten.

551 1065 612 1149 18.
643 1068 706 1147 De
727 1059 949 1175 penitentia
967 1060 1012 1145 in
1032 1061 1139 1144 bello
1158 1059 1345 1144 homines
1366 1061 1653 1146 occidentium.

1036 1185 1062 1238 n
1121 1183 1148 1236 n
1207 1183 1234 1233 e
1293 1183 1320 1237 n
1380 1187 1406 1241 n
1462 1186 1488 1238 n
1573 1188 1576 1196 ⁴

550 1332 610 1410 ¹9·
640 1303 822 1416 Epistola
845 1305 895 1388 de
914 1301 1139 1388 canonibus
1160 1302 1338 1386 Saxonice
1359 1302 1524 1415 [scilicet
1542 1303 1701 1388 AElfrici
1726 1307 1776 1388 ad
1801 1304 2039 1422 sacerdotes]

640 1425 707 1508 cui
734 1423 919 1538 premissa
946 1423 1002 1508 est
1030 1420 1194 1534 epistola
1222 1421 1523 1536 nuncupatoria
1551 1426 1602 1506 ad
1628 1424 1860 1510 Wulfinum
1890 1429 2041 1540 episco-

639 1573 753 1657 pum,
776 1546 919 1630 Latine
937 1565 973 1628 et
991 1575 1102 1627 manu
1120 1545 1271 1628 recenti.

543 1691 610 1750 20.
640 1667 831 1750 Homelia
852 1664 1060 1749 Santonica.

540 1811 607 1870 21.
639 1791 703 1871 De
721 1785 984 1872 ecclefiasticis
1005 1783 1208 1898 gradibus,
1229 1785 1420 1868 Saxonicn
1626 1864 1628 1870 ,

541 1931 606 1990 22.
637 1909 834 2017 Prologus
853 1905 1087 1990 venerabilis
1107 1904 1265 1989 AElfrici
1285 1905 1440 1990 abbatis
1466 1902 1518 1992 ad
1538 1905 1801 1992 Wulstanum
1825 1909 2037 2026 archiepis·

636 2055 800 2140 copum,
822 2029 976 2112 Latine.
1428 2047 1430 2051 ·

407 2217 410 2224 .
541 2175 606 2260 23.
637 2152 773 2234 Prima
792 2149 957 2263 epistola
976 2146 1148 2258 Anglice
1165 2148 1356 2262 expofita.

538 2269 606 2376 24'.
635 2273 817 2354 Secunda
836 2271 1001 2382 epistola
1022 2269 1188 2381 quando
1208 2268 1350 2352 dividis
1370 2268 1568 2354 crismam.

539 2417 561 2472 2
568 2417 605 2501 ς.
635 2395 775 2474 Sermo
794 2391 838 2472 in
856 2419 955 2474 cena
973 2389 1165 2486 Domini,'
1180 2407 1220 2484 et
1238 2412 1291 2472 vl
1313 2388 1413 2473 feria
1430 2409 1470 2472 et
1490 2389 1654 2476 sabbato
1675 2391 1826 2492 sanilo,
1847 2393 2035 2482 Saxoniee.

539 2511 604 2592 26.
636 2514 698 2592 De
717 2509 851 2592 officio
873 2509 992 2592 miffae
1009 2509 1053 2592 in
1074 2507 1211 2620 vigilia
1230 2507 1368 2620 pascae‚
1387 2510 1578 2593 Saxonice.

538 2657 603 2739 ²7·
635 2633 773 2714 Sermo
791 2629 836 2713 in
856 2630 985 2742 capite
1004 2629 1158 2738 jejunii,
1180 2629 1372 2714 Saxonice.

537 2752 603 2836 28.
632 2755 772 2836 Sermo
791 2751 835 2834 in
854 2779 952 2835 cena
973 2749 1143 2836 Domini
1163 2752 1213 2837 ad
1234 2749 1473 2862 penitentes,
1493 2751 1688 2833 Senoniae.

483 2873 488 2882 '
537 2903 602 2984 ²9·
633 2871 884 2956 Investivum
904 2872 947 2956 in
967 2875 1207 2956 damnantes
1226 2871 1417 2982 conjugia
1435 2847 1699 2956 sacerdotuni.

634 2997 730 3074 Haec
748 2992 914 3104 optescnla
931 2993 1071 3104 excipit

537 3142 603 3222 30.
632 3113 754 3196 Liber
779 3111 1073 3196 confeffionalis
1099 3110 1289 3221 Ecgberti
1308 3111 1568 3195 Eboracensn
1594 3108 1891 3223 archiepiscopi,
1915 3115 2033 3198 Saxo·

627 3235 722 3334 nice,
751 3234 817 3345 qui
839 3234 923 3316 olim
949 3263 994 3316 ex
1008 3233 1055 3342 se
1071 3232 1280 3342 cntstciebat
1297 3261 1409 3314 unum
1436 3233 1602 3315 volumen
1614 3270 1626 3329 3
1655 3232 1750 3343 quod
1774 3233 1919 3316 tandem
1947 3267 2034 3320 vero

631 3387 706 3439 una
724 3384 806 3440 cun
824 3353 911 3438 aliis
929 3353 1080 3464 diversis
1097 3354 1324 3438 tractatibus
1342 3353 1384 3437 in
1403 3353 1652 3470 huneliibrun
1672 3355 1980 3464 compingebatur.

1146 3573 1368 3689 CXCI.

534 3741 654 3824 Codex
672 3743 962 3826 membranaceus
980 3739 1022 3820 in
1026 3739 1103 3848 fol.
1122 3741 1253 3822 minor.
1273 3741 1429 3830 circiter
1446 3758 1582 3850 tempus
1600 3741 1868 3850 conquisttionis
1880 3746 2034 3854 Angliae

461 3863 646 3978 striptns,
666 3893 712 3948 ae
729 3865 814 3946 olim
833 3861 1043 3968 Exonienfis
1061 3861 1210 3965 eceleſsae
1220 3861 1421 3970 peculium,
1440 3859 1480 3943 in
1500 3891 1566 3971 qno
1584 3862 1752 3960 habetur,

534 3983 733 4068 Colleaio
751 4008 958 4066 canonum
976 3981 1340 4078 ecclefiasticorum‚
1361 3980 1506 4063 Latine
1523 3999 1560 4062 et
1578 3979 1767 4064 Saxonice.
1898 4069 1905 4080 ‚

532 4108 598 4185 En
614 4104 776 4186 rubricis
795 4103 921 4185 horum
936 4129 1109 4184 canonum
1127 4101 1273 4208 confiat,
1292 4101 1388 4183 hunc
1399 4100 1551 4182 codicem
1570 4102 1674 4186 hand
1685 4105 1868 4184 continere
1881 4133 2028 4188 canones

476 4227 633 4308 Nicaeni
650 4225 810 4321 concilii,
830 4241 874 4307 ut
891 4223 987 4304 doni
1004 4223 1168 4304 nonnulli
1185 4221 1353 4319 tradunt,
1372 4249 1398 4302 a
1418 4219 1592 4301 Theodoro
1613 4220 1871 4330 archiepiscopo
1887 4226 2028 4306 Latine

477 4367 512 4430 et
531 4348 657 4430 deinde
675 4348 723 4429 ab
742 4347 904 4456 AEffrico
924 4345 1101 4427 Saxonice
1117 4343 1257 4449 versos;
1273 4341 1347 4450 fied
1361 4341 1526 4450 reguiam
1543 4343 1724 4448 quandam
1743 4343 1784 4424 in
1805 4345 1905 4450 nsum
1925 4348 2027 4458 pref-

475 4471 680 4582 bytetnrenn
698 4490 734 4552 et
739 4467 971 4578 fiecerdotnm
987 4495 1034 4548 ex
1053 4465 1182 4574 regula
1202 4463 1407 4562 Benedicti,
1424 4467 1501 4548 &n
1521 4464 1870 4668 consarcinncteggnc.H
1912 4587 1988 4668 cd

1873 4647 1882 4667 .
1942 4617 2029 4668 cex

473 4785 2029 4824 ......-...--—-—----—-—--··-·-·--

536 4909 604 4998 ιφ]
621 4911 690 4982 Vsn
704 4911 791 4994 supra
811 4929 850 4976 10
866 4923 896 4972 et
913 4903 1084 4974 CCLXV.
1103 4926 1152 4972 11.
1370 4991 1374 5000 .
1978 4873 1983 4878 .

532 5015 674 5102 CXCI]
691 5017 755 5092 Vnt.
771 5020 838 5084 Cat.
854 5015 887 5083 S.
907 5037 955 5086 12·
974 5013 1069 5082 MSS.
1087 5013 1172 5097 Angi.
1194 5011 1395 5099 1535·268.

1194 5123 1307 5202 Mm
