4996 6262
975 673 1662 758 PREFATIO.

548 859 590 940 in
609 887 651 940 re
670 857 745 968 usta
764 855 810 967 es
826 857 872 940 cl.
891 857 1083 967 Cosmus*
1141 859 1224 964 Posl
1249 861 1342 942 hanc
1369 859 1639 969 qualemcunque
1667 858 1794 940 codicis
1824 857 2089 970 descriptionem

538 981 711 1090 sequitur
724 980 1058 1089 indexfingulorum
1072 982 1320 1078 articulorum,
1334 983 1398 1090 qui
1417 983 1458 1060 in
1476 1011 1512 1060 eo
1523 981 1770 1076 eontinentur;
1790 981 1830 1061 in
1845 1011 1910 1092 quo
1921 981 2088 1060 condendo

503 1129 507 1136 ’
551 1101 644 1182 mibi
660 1099 787 1210 religio
797 1101 887 1210 suit
904 1122 1040 1182 veteres
1057 1105 1178 1183 titulos
1197 1101 1249 1182 ad
1261 1101 1417 1208 amcsffim
1436 1101 1686 1210 transcribere,
1715 1103 1936 1211 alienumque
1951 1103 2089 1184 omnino

552 1253 579 1304 a
591 1226 758 1332 proposse
764 1222 955 1332 judicavi,
984 1253 1025 1304 ea
1043 1254 1124 1334 qua
1135 1241 1269 1332 parum
1289 1223 1553 1333 lotinesonant,
1573 1241 1715 1304 mutare
1731 1223 1793 1305 vel
1807 1225 2000 1330 corrigere.
2045 1222 2090 1304 Si

554 1343 744 1454 aliquando
761 1373 881 1428 nomen
896 1347 1036 1426 autoris
1053 1375 1098 1424 ex
1114 1346 1269 1448 aliorum
1287 1345 1441 1426 codicum
1469 1345 1649 1429 collatione
1675 1347 1884 1453 collegerim,
1915 1346 1973 1424 ita
1990 1343 2091 1426 uncis

556 1467 726 1582 inclusum
743 1465 900 1576 apposui,
918 1485 961 1548 ut
974 1469 1098 1548 letlori
1113 1467 1239 1548 videre
1255 1466 1376 1560 liceat,
1396 1465 1491 1546 illud
1503 1466 1647 1548 aliunde
1664 1466 1724 1576 effe
1742 1467 1966 1574 dissaeptum.
2024 1463 2097 1546 Sed

544 1587 676 1702 forsan
694 1588 804 1698 nescio
823 1591 903 1697 quis
919 1588 1073 1694 objiciet,
1091 1589 1205 1670 multa
1222 1587 1361 1700 quidem
1380 1588 1420 1668 in
1437 1577 1500 1668 boc
1516 1587 1673 1694 catologo
1690 1617 1875 1668 occurrere
1892 1587 1937 1670 in
1947 1587 2072 1695 priori
2074 1633 2092 1651 ·

557 1709 763 1819 butomisic,
777 1711 947 1819 pleraque
965 1727 1083 1791 tamen
1103 1711 1234 1792 nullius
1238 1713 1328 1816 fere
1342 1711 1518 1804 momenti,
1527 1709 1713 1820 satiusque
1718 1705 1846 1818 siesse,
1865 1737 1908 1789 ea
1925 1737 2004 1818 qua
2016 1725 2093 1788 tam

553 1832 674 1941 parvi
679 1831 772 1940 stent
781 1833 903 1940 pretii
908 1831 1051 1941 slentio
1063 1831 1297 1942 prateriiffl:
1314 1831 1386 1942 sed
1398 1831 1525 1940 cnfido
1544 1859 1610 1911 non
1627 1833 1747 1912 omnia
1774 1861 1798 1910 a
1818 1859 1872 1912 me
1899 1857 1993 1910 nunc
2003 1829 2093 1940 pri-

561 1983 657 2034 mum
674 1953 714 2032 in
728 1953 838 2033 lucem
855 1952 954 2034 edita
972 1952 1046 2059 ejus
1065 1952 1125 2063 effi
1136 1954 1301 2062 generis.-
1322 1971 1357 2032 et
1375 1952 1417 2033 de
1434 1953 1574 2034 caterio
1592 1981 1672 2062 qua
1679 1952 1855 2062 plerisque
1859 1949 1993 2062 sorsem
2012 1980 2094 2032 con-

561 2071 747 2156 temnenda
765 2073 1039 2184 negligendaque
1057 2076 1241 2169 videntur,
1260 2075 1400 2184 cassem
1418 2103 1527 2154 meam
1547 2072 1671 2156 dicant
1688 2075 1854 2181 Catalogi
1872 2075 1989 2153 MSS.
2008 2075 2095 2152 An-

558 2197 701 2308 gliaet
721 2194 915 2276 Inlibernia
932 2196 1092 2277 editores.
1151 2209 1177 2242 “
1198 2197 1320 2306 Vestem
1333 2195 1396 2300 est,
1411 2193 1593 2304 inquiunt,
1616 2195 1730 2276 MSS.
1751 2195 1964 2301 omnes‚sue
1981 2194 2095 2276 miuo-

567 2328 594 2363 “
615 2317 669 2398 ris
673 2317 757 2425 sue
774 2317 928 2397 melioris
944 2335 1048 2412 nota,
1072 2335 1183 2425 prout
1201 2319 1241 2398 in
1260 2316 1467 2397 bibliotheca
1485 2335 1690 2410 occurrunt,
1720 2317 1760 2396 in
1780 2317 1978 2422 catalogum
1996 2315 2097 2395 redi·
2196 2395 2198 2402 ,

568 2449 595 2483 “
609 2467 715 2548 gere;
743 2467 779 2518 eo
798 2438 890 2548 quod
900 2439 1044 2548 diversts
1063 2439 1173 2550 usbus
1192 2439 1370 2549 isfi’rvire
1381 2435 1531 2548 poffisnt,
1551 2437 1735 2546 variisque
1752 2436 1964 2545 curiosorum
1983 2437 2097 2516 bomi-

562 2566 595 2605 '“
615 2589 699 2640 num
724 2560 919 2668 propostis.
975 2559 1140 2672 Adeoque
1169 2561 1233 2670 qui
1261 2560 1345 2640 huic
1358 2558 1466 2667 sorte
1492 2559 1629 2640 bomini
1655 2557 1851 2640 videantur
1877 2557 2078 2665 negligendi
2085 2597 2098 2654 ς
2130 2629 2134 2638 .

569 2693 597 2728 “
619 2681 728 2762 iidem
741 2681 823 2776 alii,
832 2681 905 2790 qui
920 2681 1079 2791 aliafibi
1091 2701 1200 2790 propo
1213 2683 1272 2764 sa't
1286 2679 1512 2792 inquirenda,
1519 2679 1650 2788 sorem
1667 2681 1707 2762 in
1714 2679 1884 2793 scsosustcs
1903 2679 2098 2790 expetendi.

567 2809 597 2920 ξ(
617 2805 717 2909 Qin
735 2821 771 2884 et
787 2832 896 2912 quum
915 2802 955 2884 in
975 2803 1086 2884 eodem
1103 2804 1280 2885 volumine
1298 2802 1434 2908 diuers
1448 2805 1629 2884 tractans
1645 2819 1838 2886 occurrant
1845 2801 1979 2909 plures,
1984 2803 2027 2910 st
2042 2829 2099 2880 eo·

569 2937 597 2970 “
619 2955 701 3006 rura
721 2923 838 3032 aliqui
856 2925 1004 3003 minoris
1020 2926 1126 3030 sorte
1138 2927 1218 3032 fiat
1235 2923 1432 3028 eslimandi,
1462 2923 1506 3004 id
1522 2921 1751 3032 compessobit
1778 2923 1930 3004 aliorum
1958 2923 2099 3002 valor.”

570 3049 688 3126 Notas
706 3075 731 3124 a
748 3045 926 3137 Perkero,
940 3045 1113 3152 Jocelino,
1132 3046 1292 3156 aliisque,
1312 3042 1488 3124 codicibus
1507 3043 1709 3154 isscriptas,
1723 3045 1918 3154 Jamqlum
1936 3059 1969 3123 et
1986 3045 2099 3124 Stan-

570 3166 677 3248 leium
684 3165 829 3274 scotus
847 3165 1003 3260 retinui,
1032 3167 1197 3276 quasdam
1215 3165 1262 3246 ab
1280 3167 1330 3247 eis
1341 3162 1594 3276 pratermifflos
1618 3167 1657 3246 in
1672 3165 1771 3260 erui,
1801 3195 1894 3246 meas
1913 3165 2101 3276 aliquando

568 3287 707 3371 addidi.
763 3286 1024 3398 Isscroptiones,
1059 3287 1183 3397 quibus
1202 3289 1331 3396 cosssat
1348 3289 1412 3368 vel
1423 3287 1465 3368 de
1482 3287 1653 3398 poffieſjore
1670 3287 1811 3384 codicis,
1842 3285 1904 3367 vel
1927 3285 1968 3367 de
1982 3287 2101 3400 ficulo

539 3423 541 3428 '
569 3439 634 3521 quo
640 3410 803 3519 scriptus
810 3409 911 3512 fuit,
932 3408 1148 3518 trasseropst.
1198 3413 1295 3491 Eum
1314 3409 1470 3490 ordinem
1483 3407 1638 3490 codicum
1642 3411 1815 3520 sequutus
1814 3409 1913 3517 scm,
1926 3437 1990 3518 quo
2007 3438 2102 3490 nunc

569 3533 610 3612 in
628 3529 837 3611 bibliotheca
863 3529 1105 3642 disponuntur,
1135 3549 1252 3640 utpote
1274 3530 1440 3640 generali
1463 3529 1543 3641 testei
1571 3533 1686 3640 magis
1704 3529 2016 3612 accommodatum.-
2032 3527 2105 3640 sed

571 3671 613 3734 ut
618 3651 780 3758 facilius
799 3651 1013 3730 inveniatur
1031 3651 1135 3733 codex
1154 3654 1351 3764 quicunque
1368 3683 1412 3734 ex
1429 3681 1571 3733 numero
1589 3653 1692 3762 ipstus
1710 3654 1773 3733 vel
1796 3653 1837 3732 in
1855 3650 1975 3732 veteri
1997 3663 2109 3733 ceta·¹

571 3777 644 3880 logo
662 3772 868 3854 Stauleiano
887 3773 949 3852 vel
962 3772 1002 3852 in
1020 3773 1176 3882 catalogo
1194 3777 1313 3856 MSS.
1325 3773 1473 3881 Anglia
1487 3792 1522 3854 et
1536 3773 1741 3869 Hibernia,
1758 3773 1900 3856 eundem
1918 3803 2102 3856 numerum

558 3893 702 4005 semper
720 3892 761 3973 in
778 3897 944 4003 margine
960 3893 1122 4003 opposed,
1152 3913 1185 3976 et
1213 3897 1386 4005 duplicem
1412 3895 1571 3978 tabulam
1590 3895 1674 3978 huie
1691 3897 1770 4010 testei
1786 3897 2038 4009 inservientem
2054 3895 2108 3978 ad

561 4017 676 4128 finem
694 4013 833 4104 addidi.
876 4015 935 4095 -Si
951 4019 1131 4097 traducas
1147 4019 1280 4128 aliquis
1294 4018 1430 4128 sapius
1447 4018 1488 4096 in
1506 4015 1714 4099 bibliotheca
1731 4037 1911 4115 occurrat,
1939 4021 1979 4100 in
1998 4048 2101 4102 mar-

569 4139 658 4246 gine
674 4135 862 4218 identidem
880 4135 1057 4218 adnotavi
1063 4177 1074 4232 ;
1082 4138 1153 4249 sed
1167 4169 1245 4220 cum
1260 4157 1326 4220 non
1332 4141 1474 4247 semper
1484 4139 1575 4219 mibi
1589 4137 1741 4220 daretur
1746 4141 1912 4244 facultas
1922 4145 2102 4221 tractatus

574 4257 697 4368 iistlem
722 4257 840 4338 titulis
855 4259 1035 4366 isfignitos
1053 4261 1151 4340 inter
1166 4265 1211 4375 se
1228 4259 1442 4370 conserendi,
1459 4261 1554 4368 seri
1572 4259 1681 4368 potesl
1707 4259 1953 4370 utaliquando
1972 4261 2106 4370 divers

558 4381 653 4490 snt,
666 4375 911 4487 etststmilibus
923 4379 1107 4488 gaudeant
1124 4395 1349 4496 sncyqapase.
1406 4385 1470 4462 Ea
1486 4381 1580 4460 enim
1595 4379 1641 4486 esl
1658 4381 1715 4460 lex
1725 4381 1827 4491 bsejm
1845 4381 2060 4464 bibliotheca
2076 4412 2103 4464 a

562 4501 765 4612 fundatore
778 4499 942 4610 samita,
964 4523 1005 4584 ut
1023 4531 1130 4612 neque
1144 4495 1265 4606 socius
1282 4497 1414 4611 aliquis
1426 4499 1524 4611 stolus
1542 4529 1620 4582 eam
1638 4502 1743 4582 adire
1752 4501 1874 4614 potest,
1889 4503 1960 4616 sd
1961 4503 2104 4614 semper

575 4625 647 4704 alio
664 4623 760 4734 socio
786 4621 850 4703 vel
861 4620 1022 4733 scholari
1049 4623 1248 4715 comitatus,
1280 4648 1387 4733 neque
1408 4619 1594 4732 plusquam
1620 4641 1692 4704 tres
1711 4623 1840 4706 codices
1858 4626 1897 4706 in
1925 4653 2104 4708 eameram

566 4746 676 4856 fitam
694 4745 888 4854 asportare,
915 4743 1020 4854 idque
1037 4775 1104 4826 non
1120 4745 1196 4854 sne
1220 4742 1367 4824 licentia
1384 4743 1551 4854 magistri
1577 4743 1790 4858 duorumque
1802 4747 1981 4858 sociorum
2001 4749 2110 4856 prius

1899 4885 2107 4974 stupetrata.

586 5009 629 5083 '⁴
650 5047 699 5106 “1
716 5063 781 5106 own
798 5045 902 5108 indeed
916 5047 932 5106 1
946 5065 1013 5124 may
1027 5045 1063 5105 he
1078 5047 1215 5108 mistahen
1230 5050 1259 5110 in
1274 5051 1411 5134 affigning
1425 5052 1474 5112 the
1487 5067 1619 5132 century,
1634 5055 1663 5115 in
1679 5055 1773 5115 which
1787 5075 1803 5114 a
1819 5053 1897 5114 hook
1911 5073 1969 5114 was
1982 5058 2114 5134 written3

571 5123 630 5184 and
639 5123 744 5184 instead
755 5124 846 5184 efthe
858 5125 932 5190 ixsh,
943 5144 1008 5202 may
1020 5123 1092 5184 have
1107 5125 1181 5184 fixed
1196 5145 1270 5205 upon
1285 5129 1332 5188 the
1343 5129 1427 5189 viiith
1441 5149 1475 5189 or
1488 5133 1539 5190 xeh
1554 5148 1683 5211 century.
1727 5133 1782 5192 But
1796 5135 1820 5192 io
1832 5133 1855 5192 it
1868 5147 1918 5191 not
1932 5131 2024 5192 better
2036 5151 2067 5194 to
2081 5138 2117 5198 be

573 5203 634 5260 told
650 5203 710 5258 shut
725 5219 742 5258 a
758 5200 835 5260 book
849 5201 872 5259 ie
887 5219 946 5279 900
959 5221 1040 5280 γεω
1053 5201 1114 5272 old,
1130 5203 1212 5264 when
1227 5205 1350 5288 perhaps
1362 5205 1387 5266 it
1401 5225 1464 5286 moy
1482 5208 1516 5268 be
1536 5229 1608 5268 coeo
1621 5229 1653 5268 oe
1670 5215 1740 5280 800,
1757 5210 1824 5270 chao
1839 5225 1870 5276 to
1881 5211 1916 5270 be
1930 5209 1983 5270 left
1993 5211 2074 5292 quite
2086 5215 2118 5276 io

574 5279 623 5342 ohe
637 5277 750 5338 duleas
761 5293 789 5336 to
803 5279 849 5338 it's
860 5297 914 5358 age
924 5281 959 5337 ?’'
