5054 6256
483 785 581 878 234
907 719 910 732 '
1156 719 1388 842 ccxvi
1667 857 1673 864 ,

533 967 593 1051 19.
623 934 800 1050 Epistola
817 929 1002 1020 Roderici
1021 929 1193 1044 episcopi
1212 927 1480 1042 Caliguritani
1501 933 1550 1016 ad
1566 931 1854 1046 Pomponium,
1875 932 1919 1020 in
1938 965 2021 1050 qua

526 1073 532 1088 ”
626 1085 719 1140 eum
738 1055 963 1142 consolatur
982 1055 1030 1136 de
1049 1053 1357 1156 calamitatibus,
1387 1073 1425 1138 et
1450 1043 1658 1166 quomodo
1676 1053 1804 1142 virtus
1822 1057 1960 1144 crescit
1976 1059 2023 1146 in

542 1208 547 1220 ·
627 1177 806 1268 adversis.
822 1179 896 1290 sos.
920 1205 1009 1284 114.

532 1333 598 1391 20.
626 1299 805 1414 Epistola
824 1297 996 1406 ejusdem
1015 1295 1231 1410 Pomponii
1249 1295 1301 1378 ad
1317 1296 1488 1382 eundem
1511 1297 1756 1386 Rodericum
1775 1298 2020 1418 episcopum,

628 1426 672 1509 in
691 1449 774 1534 qua
793 1419 876 1533 agit
892 1417 1040 1530 gratias
1060 1419 1109 1501 de
1129 1416 1318 1530 solamine
1335 1417 1593 1531 epistolarum
1613 1421 1790 1524 suarum,
1819 1423 1968 1540 quibus
1985 1425 2024 1512 se

625 1543 812 1654 adjutum
829 1541 1054 1654 plurimum
1072 1539 1182 1626 dicit.
1196 1542 1272 1652 fol.
1303 1567 1394 1652 115.

533 1699 600 1758 21.
628 1667 807 1780 Epistola
825 1663 998 1772 ejusdem
1017 1662 1232 1776 Pomponii
1260 1665 1310 1746 ad
1328 1663 1501 1750 cundem
1520 1665 1764 1750 Rodericum
1792 1663 2022 1780 episcopum

628 1807 670 1872 et
696 1787 968 1883 castellanum,
1000 1783 1044 1867 in
1069 1811 1151 1894 qua
1167 1783 1395 1897 plurimum
1428 1789 1684 1872 commendat
1712 1787 1930 1873 trabtatum
1955 1815 2027 1900 per

631 1911 803 1996 cundem
821 1906 1050 2022 episcopum
1062 1905 1218 1990 editum
1235 1923 1376 1990 contra
1394 1907 1616 1991 Bafilienses
1643 1925 1684 1992 et
1701 1927 1844 1994 contra
1863 1909 2024 1994 electio·

630 2057 724 2116 nem
743 2057 898 2144 percos
917 2025 1068 2110 fatiam
1087 2028 1136 2110 ad
1152 2043 1346 2140 papatum
1365 2027 1410 2111 in
1428 2028 1635 2140 personam
1649 2029 1832 2127 amodes,
1846 2032 1921 2142 fhl.
1935 2059 2026 2144 117.

537 2179 602 2270 22.
630 2152 809 2266 Epistola
828 2149 999 2255 ejusdcm
1019 2149 1235 2260 Pomponii
1256 2149 1308 2231 ad
1325 2151 1498 2234 eundem
1515 2151 1759 2238 Rodericum
1779 2151 2024 2264 episcopum,

631 2275 674 2359 in
700 2301 781 2385 qua
800 2271 869 2356 etsr
889 2269 1143 2354 solitudinem
1163 2269 1259 2354 dicit
1286 2269 1490 2384 peculium
1517 2289 1743 2384 poetarum,
1772 2271 2026 2358 solitudinem

631 2413 882 2478 tamencum
903 2392 1117 2476 reclusione
1135 2419 1221 2474 non
1239 2393 1390 2490 laudat,
1407 2393 1482 2504 fol.
1502 2425 1591 2505 119.

536 2547 557 2601 2
563 2547 601 2630 3.
630 2515 808 2632 Epistola
836 2513 1022 2598 Roderici
1048 2513 1219 2627 episcopi
1246 2529 1286 2596 et
1303 2513 1506 2602 castellani
1525 2514 1744 2630 responsiva
1775 2515 1825 2598 ad
1852 2515 2025 2606 eundem

632 2637 919 2748 Pomponium,
945 2635 990 2718 in
1013 2663 1095 2748 qua
1114 2635 1369 2720 solitudinem
1391 2635 1514 2720 veluti
1539 2657 1676 2750 aptam
1694 2637 2027 2750 contemplationi

631 2779 672 2845 et
698 2759 783 2844 otio
811 2757 1034 2872 plurimum
1060 2759 1209 2858 laudat,
1239 2774 1280 2839 ct
1305 2760 1511 2869 quomodo
1537 2759 1689 2876 sapiens
1716 2787 1803 2850 nun
1827 2759 1883 2844 est
1906 2759 2026 2859 solus,

632 2911 705 2964 nec
725 2881 851 2964 menti
871 2877 1053 2990 angustia
1070 2881 1192 2976 obest,
1214 2881 1283 2985 fol.
1301 2907 1391 2963 120.

535 3009 602 3109 ¹24.
631 3003 809 3116 Epistola
827 3003 999 3110 ejusdem
1018 3001 1232 3114 Pomponii
1257 3002 1305 3082 ad
1324 3001 1497 3089 eundem
1515 3003 1759 3086 Rodericum
1781 3003 2025 3118 episcopum,

632 3128 676 3210 in
696 3137 777 3240 q'ua
795 3125 891 3217 dicit
906 3123 1159 3208 solitudinem
1178 3122 1250 3205 elle
1267 3122 1418 3220 utilem,
1430 3149 1524 3206 cum
1543 3124 1724 3215 libertate
1738 3125 1800 3208 sed
1820 3125 2025 3220 molestam

632 3277 728 3333 cum
745 3246 987 3360 captivitate,
1005 3267 1046 3330 ct
1064 3247 1307 3330 lamentatur
1324 3245 1373 3325 de
1391 3243 1474 3352 ejus
1494 3243 1721 3344 reclusione,
1737 3247 1813 3356 sol.
1832 3273 1920 3330 122.

534 3391 602 3484 25.
631 3369 810 3482 Epistola
823 3369 966 3452 Lucidi
980 3367 1116 3452 Latini
1136 3368 1186 3448 ad
1202 3364 1445 3450 Rodericum
1463 3364 1692 3478 episcopum
1710 3387 1751 3450 et
1767 3367 2025 3453 castellanum

632 3489 874 3575 excusatoria
890 3492 1001 3601 quod
1018 3517 1102 3572 non
1121 3487 1283 3602 scripsrt‚
1306 3503 1347 3571 et
1364 3489 1599 3574 exhortatur
1616 3487 1800 3574 utillum
1818 3490 2025 3574 calamito-

535 3617 538 3624 ’
635 3614 722 3696 sum
742 3612 818 3695 suis
838 3611 959 3696 literis
977 3611 1215 3710 consoletur,
1233 3612 1309 3716 fol.
1327 3639 1416 3718 124.

538 3745 603 3823 26.
633 3735 810 3845 Epistola
833 3733 1017 3816 Roderici
1045 3731 1244 3820 castellani
1272 3733 1321 3816 ad
1342 3733 1556 3830 Lucidum,
1586 3729 1630 3814 in
1657 3759 1740 3844 qua
1766 3759 1858 3822 eum
1888 3730 2027 3826 conso-

634 3859 741 3940 latur
759 3855 1069 3968 exhortaturque
1089 3857 1138 3938 ad
1161 3853 1396 3966 patientiam
1415 3853 1459 3938 in
1478 3853 1642 3938 adversts
1661 3873 1701 3936 et
1720 3853 1846 3937 animi
1868 3853 2028 3964 magni-

634 3979 816 4062 tudinem
836 4004 999 4060 omnem
1018 3975 1194 4060 fortunae
1212 3977 1409 4088 impetum
1427 3975 1692 4088 superantem,
1707 3979 1783 4088 sol.
1803 4005 1892 4088 125.

540 4131 605 4216 27.
633 4101 810 4218 Epistola
832 4098 1004 4208 ejusdem
1025 4099 1165 4185 Lucidi
1193 4099 1244 4180 ad
1268 4095 1440 4183 eundem
1467 4099 1736 4194 castellanum,
1765 4097 1809 4184 in
1837 4127 1918 4210 qua
1945 4095 2028 4206 agit

634 4224 779 4332 gratias
808 4223 856 4303 de
886 4220 1074 4303 antidotis
1104 4219 1420 4304 consolationum
1449 4220 1610 4304 suarum
1639 4217 1855 4304 etiterum
1882 4220 2028 4302 exhor-

635 4361 746 4424 tatur
764 4361 812 4424 ut
831 4345 879 4426 ad
900 4370 994 4424 cum
1015 4342 1169 4438 scribat,
1188 4343 1261 4450 sol.
1281 4345 1369 4422 126.

523 4471 603 4566 28.
633 4464 811 4576 Epistola
832 4461 1017 4544 Rodcrici
1045 4465 1095 4544 ad
1120 4464 1289 4543 eundem
1310 4459 1525 4560 Lucidum,
1555 4459 1599 4546 in
1628 4490 1709 4573 qua
1736 4461 1793 4544 ait
1820 4489 1913 4543 eum
1940 4477 2027 4542 tarn

634 4585 820 4672 mirificas
838 4585 971 4665 laudes
991 4612 1076 4666 non
1094 4583 1244 4680 mereri,
1259 4600 1297 4663 et
1315 4581 1372 4664 ibi
1392 4583 1560 4694 pulchra
1572 4604 1713 4666 contra
1730 4581 2025 4678 adulationem,

536 4729 542 4740 ·
634 4712 797 4792 tandem
819 4707 984 4816 pulchra
1004 4695 1166 4788 adducit
1191 4707 1238 4786 de
1259 4704 1512 4787 retribuendo
1532 4704 1865 4797 benefactoribus,
1892 4701 2026 4784 rursus

636 4831 767 4913 scribit
799 4829 834 4911 ei
864 4851 969 4910 certa
1001 4827 1281 4910 consolationis
1315 4853 1459 4936 genera
1483 4835 1574 4938 quae
1605 4853 1769 4910 omnem
1795 4823 2026 4918 moestitiam

534 4971 539 4982 ’
634 4953 982 5060 levant,sos.127.·

538 5104 603 5186 ²9·
634 5074 810 5186 Epistola
829 5070 1073 5155 ornatillima
1088 5067 1230 5152 Lucidi
1248 5069 1297 5152 ad
1319 5071 1489 5154 cundem
1510 5067 1752 5154 Rodericum
1770 5069 2028 5272 castellanupln

2006 5217 2027 5272 e
