4980 6264
1241 797 1328 892 IX.

556 989 623 1074 29.
653 967 690 1050 S.
712 965 932 1066 Saturnini,
953 967 997 1052 iii
1015 969 1096 1054 kal.
1116 975 1213 1060 Dec.
1226 994 1269 1083 p.
1293 985 1390 1090 377.

556 1113 622 1198 30.
652 1093 690 1174 S.
704 1095 741 1175 S.
763 1091 967 1174 Chrisanti
984 1109 1025 1175 et
1044 1095 1191 1194 Dariae,
1204 1115 1248 1207 p.
1271 1126 1366 1210 379.

427 1289 430 1296 .
554 1238 620 1322 31.
653 1223 689 1294 S.
710 1213 853 1324 Elegii,
874 1215 954 1297 kal.
975 1219 1073 1300 Dec.
1086 1235 1130 1328 p.
1153 1219 1247 1327 389.

555 1363 620 1444 32·
651 1341 687 1420 S.
710 1337 894 1436 Sabiniae,
914 1338 1100 1450 episcopi,
1120 1341 1175 1424 vii
1195 1345 1254 1426 Id.
1275 1347 1372 1428 Dec.
1387 1359 1491 1456 393.1

554 1483 621 1563 33.
653 1459 810 1542 θεηᾶεε
827 1461 1005 1558 Eulalia,
1026 1460 1065 1542 iv
1085 1467 1143 1547 Id.
1165 1469 1265 1548 Dec.
1276 1485 1319 1576 p.
1344 1493 1437 1575 397.

557 1607 623 1688 34.
652 1585 690 1664 8.
705 1585 741 1664 8.
762 1583 942 1668 Faustini
961 1600 1000 1666 et
1019 1583 1227 1685 viaorici,
1248 1587 1291 1670 iii
1310 1591 1369 1672 Id.
1393 1593 1491 1674 Dec.
1507 1607 1547 1702 p.
1566 1611 1665 1706 403.

553 1729 574 1808 3
583 1729 621 1811 ς.
650 1704 806 1787 SanSae
825 1703 975 1788 Luciae.
1018 1707 1077 1791 Id.
1097 1713 1195 1794 Dec.
1208 1729 1253 1824 p.
1274 1735 1371 1820 407.

552 1831 620 1932 36.
650 1827 804 1912 Sanstae
825 1829 1053 1929 Anastafiae‚
1073 1831 1142 1914 viii
1160 1833 1240 1916 kal.
1260 1837 1352 1942 Jan.
1367 1853 1409 1944 p.
1429 1835 1527 1941 408.

551 1977 619 2061 37.
649 1953 804 2036 5211&ae
824 1954 1030 2065 Eugeniae,
1051 1957 1191 2038 eodem
1211 1955 1287 2054 die,
1301 1977 1345 2068 p.
1367 1986 1463 2064 410.

550 2074 617 2182 38.
647 2079 684 2158 S.
706 2075 873 2175 Marini,
892 2075 933 2160 vi
952 2077 1032 2160 kal.
1053 2077 1145 2184 Jan.
1158 2097 1199 2186 p.
1220 2081 1319 2184 446.

549 2225 616 2308 39.
645 2203 684 2282 S.
705 2199 879 2282 Maximi
899 2227 993 2281 cum
1013 2198 1125 2283 sociis
1145 2200 1238 2299 suis,
1250 2217 1294 2302 p.
1314 2217 1416 2314 434.
1440 2283 1444 2292 .

543 2348 612 2426 40.
641 2321 796 2406 Sanstae
814 2319 967 2418 Luciae,
976 2335 1026 2420 p.
1039 2349 1090 2432 43
1098 2346 1141 2431 7.

544 2471 612 2547 41.
643 2449 680 2525 S.
701 2442 854 2540 Indoci,
869 2457 912 2542 p.
932 2469 1029 2546 441.
1290 2527 1295 2536 .

545 2592 613 2671 42.
644 2565 799 2648 Sanetae
819 2562 1015 2661 Cristinae,
1036 2564 1105 2649 viii
1123 2567 1205 2650 kal.
1226 2573 1335 2680 Aug.
1347 2597 1391 2684 p.
1413 2571 1509 2675 446.

544 2714 612 2794 43.
642 2691 851 2769 Adventus
877 2699 917 2766 et
944 2685 1128 2798 exceptio
1153 2690 1332 2803 corporis
1361 2685 1567 2774 Benediffi
1588 2705 1629 2774 et
1656 2690 1876 2780 scohfficae
1894 2693 2036 2782 sororis

488 2809 575 2918 eius
596 2810 639 2892 in
660 2837 759 2916 agro
778 2810 810 2888 F
812 2807 1038 2907 loriacenfi.
1048 2835 1092 2920 p.
1112 2836 1140 2916 4
1144 2837 1166 2920 ς
1173 2839 1213 2921 5,.

542 2939 686 3049 Dcfimt
703 2935 863 3048 quiedam
882 2936 934 3018 ad
932 2926 1049 3048 finem
1068 2936 1171 3044 hv'us
1189 2941 1332 3024 codicis.
1503 3011 1508 3026 .

1216 3188 1299 3306 X.

540 3367 654 3452 Codex
671 3367 955 3451 membranacens
971 3367 1012 3447 in
1022 3365 1133 3474 folio,
1160 3381 1307 3448 ornatus
1325 3367 1443 3450 literis
1456 3367 1661 3450 initialibus
1676 3368 1791 3454 nitide
1804 3371 2031 3473 illuminatis,

469 3494 590 3607 seculo.
606 3493 681 3572 xiii
699 3508 881 3586 exaratus,
902 3519 967 3598 quo
985 3490 1223 3584 continentur,

367 3639 369 3644 ’
539 3605 726 3688 Gratiani
751 3607 956 3688 decretum
985 3632 1166 3704 aureum,
1175 3605 1262 3716 five
1279 3605 1489 3690 decretatia
1510 3623 1557 3689 ut
1586 3623 1781 3722 vopantur
1798 3607 2032 3694 communia

484 3731 535 3814 ab
555 3757 602 3812 eo
620 3725 800 3811 collefiia.

1188 3865 1318 4050 xl.

490 4171 492 4176 ,
537 4107 652 4190 Codex
670 4095 951 4190 membranaceus
970 4107 1123 4218 infolio,
1138 4109 1257 4220 seculo
1269 4109 1328 4190 xii
1344 4122 1530 4204 exaratus,
1551 4135 1615 4220 quo
1628 4107 1870 4203 ¹continentur,

537 4225 730 4306 Rabanus
743 4223 914 4307 Maurus
930 4227 978 4307 de
991 4241 1135 4310 natura
1154 4225 1326 4310 rerum*
1341 4227 1392 4310 ad
1404 4225 1659 4307 Ludovicum
1674 4249 1821 4334 regem.
1842 4221 1915 4304 fib.
1930 4220 2025 4306 xxii.

1789 4353 1883 4434 XII.
1913 4353 2026 4434 Codex

535 4717 598 4800 X.]
615 4721 679 4787 Vct.
695 4721 761 4785 Cat.
780 4720 855 4785 Sub.
872 4719 912 4790 C.
930 4742 960 4807 3.
977 4718 1072 4788 MSS.
1092 4719 1176 4803 Angl.
1198 4720 1399 4810 1b25-358.
1551 4751 1556 4758 ·

533 4833 613 4918 XL]
630 4835 693 4902 Vct.
712 4837 777 4900 Cat.
794 4835 829 4900 P.
848 4859 896 4905 12.
914 4837 1011 4903 MSS.
1028 4838 1114 4921 Angl.
1135 4857 1337 4926 15092-242.

533 4953 615 5020 *De
627 4969 732 5020 natura
745 4955 858 5040 rerum]
870 4957 908 5026 In
923 4959 1036 5024 Histor.
1054 4957 1131 5027 Litt.
1154 4959 1274 5028 Cavefii
1290 4969 1430 5038 vocatur,
1452 4955 1503 5023 De
1524 4953 1665 5024 universo
1684 4953 1744 5020 five
1759 4945 2030 5039 Etymologiatum

620 5069 713 5136 opus.
