4980 6264
514 807 582 896 ¹4
1222 771 1380 866 XXV.

562 955 627 1053 16,
648 979 715 1064 17·
746 955 811 1035 Ad
829 955 1033 1062 Magnum
1054 951 1102 1033 de
1118 954 1359 1036 Novariano
1378 951 1549 1067 epistole
1568 955 1671 1040 duae.
1722 963 1727 974 '

565 1079 628 1161 18.
659 1081 722 1159 De
742 1075 967 1159 Numidico
984 1073 1201 1185 prelbitero
1220 1076 1423 1160 ordinato.

566 1227 628 1310 19.
658 1201 722 1284 De
741 1198 932 1282 Martiate
951 1216 991 1280 et
1011 1196 1190 1279 Bahlide.

557 1350 622 1407 20.
652 1325 718 1406 Ad
736 1311 886 1408 Fidum
901 1323 951 1404 de
970 1315 1198 1402 infantibus
1217 1318 1483 1432 baptizandis.

559 1475 624 1532 21.
654 1448 720 1529 Ad
740 1443 978 1530 Eucratium
994 1443 1043 1524 de
1062 1439 1268 1524 histrione.

558 1597 737 1677 22-29.
767 1564 956 1677 Epistolae
974 1563 1070 1646 ooo
1095 1563 1145 1644 ad
1164 1563 1414 1647 Cornelium.

558 1723 624 1804 30.
654 1695 720 1776 Ad
740 1687 1020 1798 Rogacianum
1039 1703 1080 1768 et
1103 1685 1527 1769 ceterosconfellores.

558 1843 624 1928 3¹·
654 1816 719 1896 Ad
739 1813 896 1924 plebem
916 1810 965 1891 de
983 1807 1166 1919 quinque
1185 1806 1419 1918 presbiteris.

557 1965 625 2048 32·
653 1938 720 2021 Ad
740 1932 974 2046 Epitefitum
994 1948 1033 2012 et
1053 1930 1225 2042 plebem.

556 2091 623 2172 33.
653 2061 719 2145 Ad
738 2059 889 2141 clerum
911 2071 953 2138 et
972 2054 1145 2166 plebem.

557 2213 623 2294 34.
654 2185 720 2266 Ad
739 2179 915 2264 Lucium
938 2178 986 2258 de
1004 2172 1126 2256 exilio
1143 2169 1357 2256 reversum.

557 2333 624 2417 35.
653 2300 965 2389 Admaximum
984 2295 1278 2380 Nicostratum.

557 2432 624 2540 36.
654 2428 720 2512 Ad
738 2418 992 2507 Florentium
1012 2445 1136 2529 quem
1154 2437 1194 2498 et
1213 2413 1487 2526 Puppianum.

555 2579 622 2662 37.
650 2555 715 2634 De
734 2543 956 2654 virginibus
979 2543 1029 2624 ad
1049 2535 1340 2649 Pomponium.

554 2675 620 2786 38.
649 2672 773 2784 Qorl
791 2669 910 2782 ydola
926 2664 983 2748 dii
1002 2692 1087 2748 non
1106 2663 1197 2746 sint.

484 2813 485 2816 ‘
554 2825 621 2908 39.
648 2799 717 2880 Ad
733 2796 1009 2878 Fortunatam
1029 2785 1160 2872 dehis
1179 2785 1252 2899 qui
1269 2813 1340 2901 per
1359 2796 1564 2870 tormenta
1582 2806 1668 2864 non
1688 2776 1940 2894 superantur.

551 2949 619 3027 40.
649 2921 715 3002 Ad
735 2917 1013 3024 Rogacianum
1035 2913 1084 2992 de
1104 2911 1290 2991 diacono.

549 3071 618 3148 41.
649 3041 715 3123 Ad
735 3037 985 3146 Stephanum
1006 3057 1150 3143 papam
1170 3031 1219 3110 de
1238 3027 1425 3112 concilio.

550 3190 620 3271 42.
652 3161 716 3244 Ad
733 3157 995 3240 Tibaritanos
1014 3151 1271 3235 exortatoria.
1293 3183 1297 3191 ·

548 3313 619 3396 43.
647 3283 715 3366 Ad
735 3279 936 3364 Cecilium
960 3278 1008 3359 de
1028 3275 1275 3358 sacramento
1295 3265 1441 3355 calicis.

546 3437 617 3516 44,
637 3432 705 3515 45.
734 3402 925 3515 Epistolae
943 3402 1034 3481 duae
1054 3399 1104 3479 ad
1122 3394 1305 3479 martires
1326 3407 1366 3474 et
1384 3381 1668 3472 confellores..

548 3533 617 3638 46.
647 3535 710 3613 De
730 3523 914 3608 hereticis
933 3517 1187 3630 baptizandis
1207 3518 1260 3628 ed
1276 3511 1503 3624 lulianum.

547 3680 617 3762 47.
646 3650 712 3733 Ad
732 3645 940 3758 Qintum
965 3644 1014 3724 de
1033 3643 1187 3724 eodem.

547 3773 616 3882 48.
646 3767 860 3854 Sententiae
880 3762 1157 3876 episcoporum
1175 3783 1349 3844 numero
1368 3747 1577 3876 LXXVII.
1612 3747 1661 3834 (le
1681 3747 1837 3848 eodem.

547 3926 617 4008 49,
643 3923 706 4005 50.
737 3893 800 3976 Ad
821 3889 990 3998 Moysen
1009 3905 1049 3969 et
1068 3882 1300 3968 Maximum
1321 3873 1569 3990 presbiteros.

550 4048 616 4131 51·
645 4017 712 4101 Ad
731 4015 884 4098 clerum
903 4026 943 4092 et
962 4009 1121 4120 plebem
1141 4007 1190 4088 de
1209 4001 1377 4086 Aurelio
1398 3993 1630 4083 conleffore.

550 4170 617 4256 52.
645 4139 712 4224 Ad
731 4137 886 4220 clerum
905 4134 954 4213 de
973 4127 1161 4211 Celerino
1182 4119 1414 4210 confessore.

549 4291 615 4377 53.
645 4261 709 4344 Ad
730 4253 984 4366 Junaianum
1001 4251 1051 4332 <le
1069 4245 1268 4332 hereticis.

549 4411 616 4496 54.
646 4379 826 4492 Epistola
845 4375 894 4458 de
913 4371 1169 4457 aleatoribus

548 4532 615 4615 55.
635 4506 698 4588 De
720 4499 838 4584 laude
858 4493 1042 4580 martirii.

550 4629 617 4738 56.
645 4621 787 4708 Felicis
808 4623 857 4705 ad
878 4615 1129 4731 Cyprianom
1151 4605 1352 4721 rescripta.

551 4771 618 4857 57.
646 4743 828 4855 Epistola
844 4740 1040 4854 Cypriani
1060 4740 1116 4824 ad
1127 4741 1354 4820 Romanos.
1460 4731 1477 4750 “’

551 4871 617 4980 58.
647 4867 712 4950 Ad
731 4867 897 4949 clerum.

552 5013 621 5102 59.
646 4988 713 5072 Ad
732 4984 984 5070 Cornelium.

542 5117 615 5197 bo.
645 5110 711 5196 Ad
730 5109 965 5195 Maximum
985 5101 1247 5220 prelbiterum
1267 5109 1308 5178 et
1326 5110 1480 5182 ceteros
1499 5087 1657 5176 fratres.

1854 5184 1950 5326 ιόι.
1979 5177 2049 5264 Ae
