5054 6256
458 739 556 830 214
1178 723 1326 820 CXL.

506 921 546 999 9.
574 888 821 978 Testificatio
840 895 1037 1008 pastionis
1057 899 1133 984 five
1157 907 1438 1000 conventionis
1467 910 1572 998 inter
1600 917 1777 1026 priorem
1798 941 1838 1006 et
1858 921 2001 1008 fratres

485 1055 491 1094 ι
513 1091 517 1099 ,
576 1013 843 1215 Βειτῐιιοηεηίεε
860 1047 907 1102 ex
922 1047 1004 1102 una
1024 1043 1196 1132 partert
1211 1030 1397 1118 Saewium
1414 1061 1509 1119 cum
1526 1039 1767 1150 Theodgyfa
1787 1071 1910 1126 uxore
1931 1047 1999 1128 sua

577 1161 624 1214 ex
645 1164 666 1214 a
686 1157 781 1218 tera.

512 1283 573 1336 10.
604 1255 849 1338 Testificatio
870 1262 1187 1347 manumissionis
1208 1268 1440 1382 Saethrythae
1462 1303 1585 1386 quam
1608 1305 1628 1384 3
1653 1280 1820 1364 mancsrs
1849 1299 1999 1364 emerat

603 1403 627 1458 a
647 1379 834 1458 Saewoldo
854 1381 996 1462 abbate
1018 1385 1287 1492 AEgylmerus.

510 1523 573 1581 ιι.-
598 1501 639 1584 T
642 1498 845 1586 estificatio
865 1503 1181 1587 manumiffionis
1203 1507 1422 1618 AElfgythae
1440 1541 1563 1627 quam
1584 1518 1749 1604 dimidia
1768 1523 1870 1605 libra
1888 1547 1996 1604 eme-

601 1634 664 1697 rat
684 1619 915 1722 Wulwinus
936 1645 1207 1730 cognomento
1227 1631 1435 1714 Hareberd
1454 1636 1505 1714 ab
1525 1639 1699 1749 AElwigo
1718 1645 1875 1750 abbate.

512 1765 574 1820 12.
603 1738 848 1820 Testificatio
879 1744 1195 1826 manumiffionis
1216 1749 1401 1858 Wynrici
1428 1779 1551 1863 quam
1577 1787 1660 1842 una
1687 1789 1760 1871 yra
1779 1765 1881 1860 [νινε]
1903 1757 1993 1844 auri

486 1921 490 1932 .
599 1879 749 1940 emerat
768 1861 992 1970 AEgylsrgus
1015 1865 1065 1944 ab
1086 1865 1283 1975 AElfwigo⁸
1297 1871 1454 1958 abbate.

487 2063 493 2074 ,
599 1980 1051 2088 Evangeliumsecundum
1069 1987 1249 2082 Marcum
1264 1991 1414 2100 excipi,

508 2126 570 2208 13.
601 2099 800 2210 Scriptum
817 2105 865 2181 de
880 2105 991 2184 coelo
1005 2104 1208 2213 delapsum
1226 2109 1286 2202 ku
1292 2113 1416 2218 potius
1430 2112 1604 2198 homelia
1619 2118 1668 2197 de
1685 2117 1762 2200 diei
1776 2109 1990 2202 dominicae

597 2219 882 2318 observatione,
902 2225 1046 2332 quaestr
1063 2223 1198 2330 incipit
1216 2213 1275 2302 M.
1290 2237 1331 2330 pa
1349 2231 1370 2303 l.
1388 2233 1474 2326 Hep
1490 2252 1623 2336 ongum
1638 2244 1666 2337 f
1681 2237 1769 2310 harre
1786 2241 1923 2346 geppiv.

418 2393 421 2400 ·
591 2342 661 2422 Ad
668 2344 804 2438 ¹calcem
823 2345 1009 2450 evangelii
1014 2345 1213 2451 strandum
1231 2353 1388 2444 Lucam,
1734 2453 1737 2460 Ι

505 2487 567 2564 14.
597 2461 1990 2573 NominaarchiepiscoporumDorobernensrscivitatisadAnselmum.

991 2675 996 2684 .
1126 2676 1131 2686 ,
1187 2589 1495 2672 Eboracensrum
1516 2593 1567 2698 ad
1586 2589 1728 2674 Bosan.

502 2703 562 2782 16.
591 2701 1070 2811 ——episcoporum
1091 2703 1398 2790 occidentalium
1421 2713 1626 2792 Saxonum
1648 2711 1697 2791 ad
1714 2707 1985 2802 Willelmum.

501 2846 562 2927 17.
591 2823 1403 2930 ----,-----Scirebumenfis
1424 2829 1591 2912 ecclefiae
1611 2836 1660 2912 ad
1679 2827 1890 2916 Asterium.

488 2941 563 3038 518.
581 2983 1082 3006 ---··---—·
1092 2943 1141 3021 ad
1162 2941 1323 3054 Ripam'.

502 3088 564 3166 19.
591 3101 1080 3126 ---··---·-—-
1092 3063 1415 3171 Hagastuldenfis
1436 3065 1616 3154 ecclefiae.

481 3207 563 3279 ,2ο.
595 3223 1080 3250 ·--——----
1090 3185 1139 3263 ad
1160 3187 1259 3288 Casa
1278 3189 1475 3270 Candida.
1625 3181 1635 3200 '

498 3329 562 3382 21.
592 3337 1081 3368 ----—---—-
1092 3305 1300 3388 Wellenfis
1320 3307 1500 3391 ecclesrae.

497 3449 562 3506 22.
592 3465 1081 3488 ·-·-··-·----—
1092 3423 1355 3512 Hvicciorum
1374 3427 1462 3540 post
1482 3419 1707 3510 Saxulfum.
1774 3530 1776 3536 Α

498 3573 563 3651 23.
591 3585 1079 3609 -·-··-----
1089 3545 1326 3631 Londoniae.

504 2607 566 2686 15.
595 2588 728 2642 ·-'--

471 3692 563 3770 „24·
592 3705 1078 3731 ···-··-·-·—-··
1089 3661 1442 3752 Lindisfarnoruin
1460 3663 1549 3778 post
1568 3653 1793 3794 Saxulfirmf

484 3811 563 3904 ,.25·
593 3825 1079 3851 ·--···-··-—-·
1092 3785 1374 3912 Roffensrum3

497 3911 563 3989 26·
593 3909 1353 3990 ----·--Merciorum.

594 4026 664 4110 Ad
677 4027 808 4108 calcem
826 4024 929 4122 Izbri,

498 4137 776 4262 27.'Donatio
804 4149 963 4258 capellae
991 4149 1191 4232 B.Mariae
1211 4151 1351 4260 Magd.
1381 4151 1429 4232 de
1457 4147 1650 4256 Holewey
1668 4163 1779 4228 extra
1805 4146 1920 4230 Bath.
1942 4165 1982 4233 et

593 4269 772 4381 capitalis
802 4265 1005 4376 meffuagii
1032 4267 1178 4350 ibidem
1204 4267 1388 4380 episc'opo
1413 4287 1453 4350 et
1480 4261 1695 4347 conventui
1718 4263 1891 4344 Bathon.
1912 4291 1982 4372 per

491 4371 495 4380 ¹
593 4389 822 4470 Walterum
851 4383 1066 4482 Hosatum,
1096 4415 1142 4467 ea
1165 4387 1396 4469 conditione
1425 4402 1473 4465 ut
1497 4383 1702 4496 episcopus
1727 4400 1767 4465 et
1793 4385 1982 4467 monachi

594 4507 850 4596 aedificentct
871 4507 1046 4587 exaltent
1064 4503 1213 4589 dieram
1234 4507 1440 4616 capellam.
1532 4517 1534 4520 ’

501 4633 565 4721 28.
595 4626 746 4713 Finalis
780 4625 1068 4711 concordiaeirr
1097 4625 1209 4712 curia
1242 4627 1342 4735 regis
1377 4625 1486 4736 apud
1511 4623 1680 4705 Westm.
1711 4651 1724 4703 r
1735 4651 1755 4736 3
1780 4625 1886 4703 Heu.
1907 4625 1980 4748 iil.

595 4742 701 4824 inter
729 4756 974 4820 conventum
1003 4739 1051 4817 de
1069 4739 1185 4822 Bath.
1206 4736 1498 4854 et‘episcopum
1517 4733 1706 4843 Wigorn.
1729 4736 1782 4814 de
1805 4731 1983 4816 custodra

597 4891 637 4956 et
657 4868 868 4982 maritagio
888 4869 995 4954 Petri
1014 4871 1124 4954 Crok
1143 4889 1182 4954 et
1201 4871 1394 4954 heredum
1413 4867 1512 4976 ejus.

1698 5030 1845 5116 CXLI.
1873 5035 1990 5120 Codex
