4994 6264
438 655 442 676 ζ
500 781 600 880 374
1107 685 1492 840 cccmxxv,

618 943 670 1048 ln·
682 937 744 1022 bac
762 939 926 1018 trattatn
943 933 1124 1017 recitatur
1140 931 1282 1044 apestola
1301 933 1453 1016 Rabertl
1470 932 1624 1016 Lincaln
1642 951 1767 1020 cantra
1786 937 1913 1018 literas
1924 953 2045 1049 papa.

551 1090 588 1145 2.
618 1059 834 1142 Trafiatus
864 1057 1086 1140 dematura
1105 1083 1239 1139 rerum
1253 1061 1338 1168 stne
1359 1054 1541 1168 dialogus
1571 1055 1675 1142 inter
1702 1057 1988 1176 philosophum
2006 1079 2046 1144 et

467 1272 469 1278 ,
556 1289 558 1292 ¹
617 1185 760 1264 ducem
782 1181 831 1262 ad
853 1180 996 1262 ducem
1015 1177 1294 1290 Normanniae.

402 1327 423 1394 .“
511 1291 514 1304 ’
617 1306 882 1416 Deſsderantur
901 1303 1061 1415 quadam
1081 1304 1261 1414 adfinem.

398 1451 404 1462 ·
549 1459 586 1540 3.
619 1435 783 1510 Sermon
803 1425 847 1509 in
866 1427 934 1508 old
953 1426 1121 1536 Englilh
1139 1425 1188 1508 ot
1209 1426 1277 1508 the
1296 1427 1441 1510 twelve
1461 1425 1550 1510 sons
1570 1423 1620 1510 of
1635 1427 1760 1537 Jacob
1781 1427 2045 1544 allegorically

618 1549 837 1634 discourled
855 1565 930 1632 out
947 1547 995 1632 of
1011 1548 1188 1662 Richard
1204 1550 1253 1632 de
1273 1549 1420 1634 Santto
1439 1548 1615 1634 viatore.

535 1671 586 1782 ’4.
615 1673 882 1782 Evangelium
903 1671 1130 1756 Nicodemi.
1176 1777 1180 1786 1

550 1826 587 1908 5.
620 1795 806 1880 Historiae
827 1797 1013 1907 quaedam
1031 1793 1143 1908 parvi
1162 1795 1373 1880 momenti.

1003 1995 1535 2126 CCCLXXXVI.

548 2175 663 2258 Codex
683 2175 889 2256 chartaceus
894 2173 1026 2284 farma
1044 2173 1189 2270 minari,
1209 2175 1249 2254 in
1267 2203 1333 2284 quo
1352 2173 1589 2270 continentur,

554 2327 588 2378 1.
618 2302 875 2406 Fragmentum
901 2296 1012 2378 libelli
1036 2296 1199 2404 impasti,
1229 2297 1329 2404 cujus
1350 2297 1478 2378 titulus
1507 2308 1534 2344 “
1556 2293 1750 2404 Vulgaria
1767 2296 1976 2382 Therentii
2001 2299 2043 2382 in

617 2419 883 2525 Anglicannm
900 2417 1081 2526 linguam
1098 2416 1294 2526 tradulta,
1312 2417 1536 2518 Londoniis
1550 2417 1732 2530 impress'a
1744 2417 1787 2502 in
1800 2419 2044 2503 Abchirche-

618 2543 708 2622 lane
728 2567 796 2650 per
814 2569 879 2622 me
897 2539 1150 2624 Gulielmum
1172 2544 1326 2652 Faques
1347 2544 1649 2624 N'ormannum.

548 2693 587 2752 2.
617 2663 871 2746 collenanea
890 2663 1074 2774 quaedam
1099 2665 1236 2774 [MSS.
1242 2665 1362 2776 finale
1378 2697 1433 2748 nv
1451 2665 1624 2774 exarata]
1648 2664 1696 2746 de
1717 2681 1845 2752 metro
1860 2683 1900 2746 et
1917 2667 2041 2764 versu,

477 2811 482 2822 ·
615 2815 710 2868 cum
732 2786 871 2870 multis
891 2787 1079 2883 versnbus,
1106 2789 1148 2870 cle
1165 2789 1292 2899 qulbus
1308 2789 1384 2870 bac
1400 2789 1594 2870 annotavit
1613 2790 1802 2870 Parkerus
1819 2789 1872 2870 ad
1879 2790 2044 2896 frontem
2080 2889 2085 2898 .

562 2997 566 3004 ,
614 2911 754 3008 caelicis,
788 2921 813 2956 “
838 2911 915 2992 Hic
932 2911 1068 2992 libellus
1085 2911 1174 2992 vilis
1191 2911 1316 2994 videri
1324 2911 1448 3022 potest,
1465 2911 1536 3021 sed
1551 2912 1667 2993 mellus
1695 2910 1788 2992 liber
1804 2929 1881 2992 tam
1898 2912 2043 2996 humilis

618 3043 645 3079 “
665 3035 753 3146 quin
771 3033 844 3141 ejas
861 3035 994 3145 aliquis
1013 3034 1091 3144 astes
1109 3031 1302 3144 effepotest,
1328 3035 1428 3116 utin
1452 3033 1515 3116 hoc
1532 3035 1658 3117 videre
1674 3035 1757 3116 licet
1775 3054 1891 3116 aetem
1909 3056 2042 3145 campo-

616 3169 642 3204 “
663 3157 853 3238 mendarum
873 3157 1089 3252 carminum,
1108 3187 1180 3267 qua
1200 3157 1253 3266 zfi
1260 3162 1354 3271 stent
1367 3173 1484 3268 poeta
1493 3155 1697 3267 posterioris
1712 3159 1878 3267 temporis
1896 3158 1937 3238 in
1954 3188 2041 3239 ver-

618 3291 645 3326 “
653 3279 753 3388 filas
768 3279 851 3390 fiais
878 3279 1131 3392 resonantibus,
1149 3279 1304 3390 ffflff
1330 3309 1398 3362 nan
1415 3281 1539 3390 facile
1565 3281 1725 3391 reperias
1750 3278 1843 3360 alibi
1869 3282 2042 3364 rationem

618 3414 644 3448 “
666 3433 738 3511 tua
759 3403 942 3512 ellat?
1072 3470 1076 3483 ·
1585 3393 1588 3402 ’
2006 3407 2010 3416 ’

615 3536 642 3570 “
665 3525 744 3603 Hic
760 3524 854 3603 liber
871 3525 1062 3632 exemplum
1080 3521 1140 3634 affl
1149 3523 1261 3634 potest
1278 3554 1322 3606 ne
1325 3525 1448 3634 facile
1461 3543 1706 3608 contemnatur
1709 3525 1893 3636 scriptam
1908 3526 2044 3634 etiamst

617 3655 643 3690 “
652 3644 762 3753 facie
782 3644 959 3730 inculta.''

986 3819 1550 3952 CCCLXXXVII.

542 4003 589 4088 A
598 3999 811 4111 parchment
830 3999 911 4082 baak
929 4001 969 4082 in
976 3999 1085 4108 folin
1106 4001 1222 4112 neatly
1240 4002 1393 4082 written
1410 4003 1451 4082 in
1471 4003 1530 4083 the
1546 4029 1600 4082 xv
1618 4019 1775 4114 century,
1793 4001 2001 4112 containing

386 4193 387 4198 e
546 4123 722 4206 Richard
742 4122 975 4232 Hampole’s
995 4139 1314 4234 commmentary
1332 4151 1386 4204 on
1406 4122 1475 4206 the
1496 4123 1656 4208 Psalms.

547 4240 622 4326 The
647 4264 725 4328 text
751 4248 783 4326 is
810 4247 850 4328 in
870 4247 991 4328 Latin
1019 4245 1095 4328 aad
1118 4247 1176 4328 the
1199 4264 1430 4358 commentary
1449 4249 1488 4330 in
1507 4249 1672 4356 English,
1702 4247 1803 4356 aster
1824 4247 1883 4328 the
1903 4247 2042 4360 Pstalms

490 4369 632 4456 arethe
646 4369 840 4478 fhllawe'ng
867 4369 986 4479 hymns
1004 4370 1097 4450 with
1125 4399 1150 4450 a
1173 4369 1243 4451 lile
1259 4388 1506 4482 commentary,
1532 4415 1590 4432 -
1609 4369 1842 4454 Confitebor
1861 4369 1933 4452 tibi
1955 4375 2042 4451 Do-

494 4491 603 4572 mine
638 4489 958 4573 lsaiahxl1.-
985 4493 1073 4598 Ego
1107 4490 1188 4572 dixi
1224 4491 1268 4574 in
1306 4491 1473 4574 dimidio
1506 4491 1662 4574 dierum
1701 4518 1883 4586 meorum
1916 4489 2042 4574 Isaiah

486 4617 727 4698 XXXVIII.
751 4641 812 4696 10.
840 4612 1133 4696 *Exultavit
1161 4642 1231 4697 cor
1258 4641 1396 4697 meum
1431 4644 1445 4696 1
1472 4620 1577 4697 Sam.
1600 4619 1651 4698 II.
1680 4646 1712 4698 1.
1747 4619 2040 4696 —Cantemus

1949 4741 2039 4820 Do-

548 5033 597 5120 3]
615 5035 683 5102 ane
697 5033 850 5100 CCCIX·
870 5056 898 5099 1.

543 5125 847 5209 CCCLXXXVI.]
867 5127 962 5192 MSS.
978 5127 1062 5210 Angl.
1084 5127 1273 5214 16040337.

545 5221 865 5300 CCCLXXXV11.]
883 5224 947 5286 Vct.
965 5225 1029 5286 Cat.
1053 5245 1134 5287 1-·1.
1155 5225 1248 5290 MSS.
1267 5225 1351 5308 Aege.
1372 5245 1562 5313 15172··305.

543 5317 862 5402 CCCLXXXV11.]
879 5317 950 5388 Vite
966 5317 1164 5388 CCCLXV.
1493 5377 1494 5380 ,
