5054 6256
490 755 585 849 ²30
1182 711 1365 808 CLXI.

534 940 572 1021 5.
601 905 697 990 Vita
714 921 753 987 et
771 901 963 986 miracula
984 899 1118 985 saniii
1136 899 1391 983 Erkenwaldi
1411 903 1682 988 Londonenfis
1703 905 1886 1021 episcopi.

534 1037 572 1115 6.
602 1027 698 1110 Vita
716 1046 756 1110 et
774 1025 965 1108 miracula
986 1024 1120 1106 Sancti
1141 1023 1340 1105 swithuni
1360 1024 1543 1136 episcopi.
2008 1025 2011 1032 ’

533 1181 572 1264 7.
602 1149 697 1232 Vita
718 1147 853 1232 Sancii
874 1146 997 1231 Neoti
1016 1145 1180 1228 abbatis.

530 1275 568 1360 8.
597 1273 693 1356 Vita
712 1270 846 1354 Sansii
862 1269 1052 1352 Iohannis
1072 1266 1352 1380 archicpiscopi
1368 1268 1637 1354 Ebomcenfis.

537 1429 575 1508 9.
604 1396 700 1476 Vita
719 1392 854 1475 Sansti
874 1391 1066 1502 Botulphi
1086 1391 1252 1504 abbatis.

484 1615 487 1622 ,
537 1549 599 1602 ιο.
628 1517 827 1600 Miracula
846 1513 980 1596 Sanc‘ii
1000 1511 1189 1600 Ithamari
1208 1511 1378 1624 episcopi

538 1671 598 1723 11.
628 1638 723 1718 Vita
744 1635 878 1718 Sansti
897 1635 1029 1717 David
1048 1633 1253 1717 Gualenfis
1276 1633 1556 1746 archiepiscopi
1688 1669 1693 1675 ·

538 1791 599 1847 12.
629 1757 870 1842 VitaSancii
883 1757 1036 1840 Odonis
1052 1756 1204 1838 abbatis
1225 1755 1533 1868 [Cluniacenfis]
1548 1785 1619 1869 per
1630 1754 1796 1844 fratrem
1808 1763 2016 1846 Ioannem.
2090 1813 2096 1831 ·

538 1913 600 1994 13.
628 1879 724 1962 Vita
742 1877 885 1986 Majoli
903 1879 1056 1960 abbatis
1079 1877 1348 1961 Cluniacensis
1370 1905 1440 1990 per
1459 1882 1689 1964 Odilonem.

539 2034 601 2112 14.
631 2003 726 2084 Vita
747 2000 929 2083 Odilonis
951 2000 1103 2083 abbatis
1125 1999 1394 2082 Cluniacenfis
1412 2030 1482 2111 per
1498 2007 1662 2088 Petrum
1684 2003 1945 2090 Damianum.

539 2155 553 2210 1
563 2155 600 2238 ς.
629 2119 724 2206 Vita
743 2121 929 2233 Hugonis
950 2121 1102 2206 abbatis
1122 2121 1391 2205 Cluniacenfis
1409 2151 1479 2233 per
1500 2127 1734 2233 Hugonem.

537 2253 599 2332 16.
627 2247 723 2330 Vita
741 2245 847 2328 beati
864 2245 1089 2328 confessoris
1109 2242 1260 2326 Christi
1279 2245 1463 2326 Edwardi
1481 2245 1642 2354 gloriofi
1669 2247 1770 2357 regis
1790 2249 2019 2357 Anglorum

627 2367 776 2450 disiata
795 2395 818 2450 a
836 2367 1003 2450 domino
1024 2366 1199 2448 AEilredo
1224 2366 1366 2448 abbate
1384 2366 1630 2452 Rievallenfi.

538 2518 599 2604 17.
628 2490 724 2574 Vita
743 2507 783 2572 et
801 2489 993 2596 miracula
1014 2487 1147 2570 Sancti
1165 2488 1350 2570 Edwardi
1366 2487 1465 2598 regis
1486 2505 1526 2570 et
1546 2489 1772 2574 confessoris
1793 2489 2018 2574 abbreviata

632 2641 680 2696 ex
695 2611 868 2694 trasiatu
888 2615 932 2692 B.
951 2609 1117 2694 osberni
1137 2609 1478 2694 Westmonastcrii
1493 2611 1649 2724 prioris.

626 2736 695 2817 Ad
694 2737 859 2843 frontem
870 2733 1006 2816 Codicis
1018 2733 1063 2843 est
1066 2733 1200 2844 figura
1216 2734 1471 2845 archiepiscopi
1488 2735 1640 2844 vssibus
1649 2735 1847 2847 pontffin'is
1862 2753 1896 2815 et
1907 2737 2021 2844 pallio

631 2856 764 2936 induti.
1226 2897 1245 2920 ·

631 2988 658 3022 “
671 2977 847 3083 Qamvis
864 2977 939 3057 hoec
956 2975 1100 3083 legenda
1106 2975 1329 3081 fantinum,
1350 2995 1392 3058 ut
1401 2991 1545 3070 vocant,
1566 3006 1591 3055 a
1608 2976 1729 3055 multis
1739 2994 2019 3072 contemnantur,

632 3109 661 3146 “
677 3118 795 3180 tomen
810 3097 898 3207 quia
915 3099 956 3179 in
975 3099 1024 3180 iis
1041 3097 1184 3210 aliquid
1200 3099 1354 3208 historice
1370 3098 1585 3192 continetur,
1607 3126 1674 3178 non
1685 3095 1777 3206 sunt
1799 3096 2022 3204 negligenda,

632 3230 660 3268 “
672 3221 762 3303 unde
771 3219 869 3330 pffs
887 3224 950 3303 vel
964 3251 1090 3303 vernn
1108 3221 1232 3301 videre
1247 3221 1311 3300 vel
1323 3221 1551 3328 antiquorum
1556 3217 1838 3334 stepensitionent
1859 3217 2019 3300 notore.”

1129 3420 1381 3544 CLXII.

536 3591 650 3673 Codex
667 3591 947 3676 membranaceus
966 3589 1006 3671 in
1017 3589 1114 3700 folio
1130 3592 1260 3674 minor.
1291 3607 1375 3674 ante
1398 3590 1674 3704 conquisitionem
1689 3569 1841 3696 Anglio
1846 3589 2022 3699 scriptus,

484 3715 525 3796 in
544 3743 608 3824 qno
626 3715 837 3812 continetur,

543 3834 823 3918 Homeliarum
844 3831 1126 3918 Saxonicarum
1150 3831 1269 3915 Liber
1287 3833 1455 3945 primus.

1126 4037 1407 4157 CLXIII.

544 4209 658 4290 Codex
676 4209 955 4292 membranaceus
975 4210 1015 4288 in
1023 4208 1120 4318 solio
1137 4209 1267 4290 minor.
1270 4206 1388 4320 seculo
1406 4207 1465 4288 xii
1468 4207 1644 4318 scriptus,
1663 4205 1748 4299 viz,

1889 4321 2031 4404 Ponti-

553 4649 619 4730 12.]
632 4651 701 4720 Vite
716 4648 970 4715 CCCXXVIII.
990 4670 1021 4717 2.

552 4747 622 4831 13.]
639 4749 708 4818 Vnt
719 4745 971 4815 CCCXXVIII.
987 4769 1017 4833 3.

555 4843 625 4923 14.]
639 4843 707 4908 Vide
721 4840 974 4909 CCCXXVIII.
991 4865 1023 4926 4.

377 4983 382 4988 -
555 4933 624 5015 16.]
640 4936 709 5002 Vide
725 4935 945 5006 CCCXVIII.
962 4959 990 5004 1.

550 5028 706 5112 CLXII]
724 5032 788 5098 Vct.
803 5034 868 5098 Cot.
885 5031 915 5097 S.
935 5051 965 5117 ς.
981 5030 1077 5096 MSS.
1096 5029 1179 5112 Aegl.
1200 5047 1391 5115 1541··274.

552 5125 724 5208 CLXIII.]
740 5127 803 5193 Vct.
820 5131 885 5192 Cot.
901 5127 928 5192 I.
949 5147 979 5215 3.
994 5125 1090 5193 MSS·
1107 5125 1191 5206 Angi.
1212 5145 1377 5212 1371··94.

515 5301 519 5309 ⁸
553 5219 725 5303 CLXIII.]
744 5221 813 5290 tote
827 5219 950 5289 XLIV.
962 5217 1120 5290 LXXIX.
1139 5217 1292 5288 CXLVI.
