4980 6264
603 1389 654 1505 C
739 1389 802 1506 A
889 1383 952 1508 T
1038 1390 1100 1511 A
1187 1389 1242 1506 L
1328 1392 1387 1507 Ο
1476 1393 1536 1507 G
1622 1396 1680 1508 U
1768 1397 1808 1509 S

433 1661 1970 1794 L1BR0RUMMANUscR1PT0RoM
2054 1681 2059 1688 ’

494 1923 1886 2064 rurrorrorrrocrcoor.corrrcrrrrsr.CANT.

416 3141 672 3478 COD
684 3145 721 3227 Ε
732 3143 781 3226 Χ
792 3135 1080 3224 membranaceus
1098 3141 1140 3225 in
1154 3143 1255 3251 solio
1272 3141 1418 3252 mojori,
1448 3143 1570 3226 literis
1588 3141 1800 3227 initialibus
1819 3171 1910 3226 auro
1930 3161 1968 3226 et

587 3267 738 3371 diversts
762 3264 937 3348 coloribus
955 3264 1146 3375 splendide
1169 3266 1405 3365 illuminatis,
1428 3267 1552 3376 seculo
1579 3263 1648 3348 xiv
1675 3286 1864 3365 exaratus,
1900 3299 1967 3380 quo

587 3392 830 3486 continentur,
1886 3455 1889 3464 .

475 3545 510 3598 1.
540 3515 703 3596 Tabula
721 3509 948 3622 moralium·
964 3508 1071 3594 beati
1089 3507 1291 3620 Gregorii,
1320 3512 1453 3622 inqua
1473 3528 1624 3614 notatur
1642 3512 1828 3595 exordium
1845 3511 1968 3624 cujus<

535 3635 597 3716 vis
615 3635 750 3744 capitis
769 3633 872 3714 illius
890 3631 1017 3740 operis.
1405 3626 1414 3638 '
1567 3662 1574 3672 ·

469 3783 507 3838 2.
537 3753 841 3838 Concordantia
858 3750 1077 3836 moralium
1098 3751 1205 3836 beati
1224 3753 1427 3862 Gregorii.
1510 3856 1515 3867 Ι

468 3907 507 3987 3.
535 3877 699 3968 Tabula
719 3902 856 3958 rerum
875 3873 921 3957 in
938 3873 1160 3958 moralibus
1181 3875 1287 3956 beati
1306 3874 1512 3985 Gregorii.
1554 3971 1561 3982 .

465 4027 507 4106 4.
537 3997 700 4080 Tabula
718 4021 852 4078 rerum
871 3993 915 4076 in
935 3994 1121 4078 homeliis
1141 3993 1248 4077 beati
1267 3994 1455 4105 Gregorii
1475 3993 1520 4075 iri
1540 3995 1757 4103 evangelia.

420 4135 426 4154 “
468 4149 505 4233 ς.
534 4119 697 4204 Tabula
715 4145 865 4214 rerum,
886 4135 928 4198 ut
945 4116 1109 4212 videtur,
1130 4114 1174 4198 in
1193 4115 1384 4205 omnibus
1404 4115 1594 4228 operibus
1615 4116 1720 4199 beati
1742 4119 1943 4230 Gregorii.

465 4248 505 4326 6.
534 4241 821 4353 Excerptiones
850 4233 1039 4322 Garne'rii
1066 4234 1309 4346 Gregoriani
1337 4265 1388 4320 ex
1414 4235 1603 4348 operibus
1633 4235 1739 4320 beati
1769 4239 1958 4350 Gregorii

530 4361 622 4446 Lib.
640 4362 719 4445 xvi.
1111 4447 1116 4456 ,
1737 4443 1742 4450 .

462 4512 503 4596 7.
532 4483 854 4567 Reclinatorium
885 4481 1046 4579 animae,
1076 4482 1171 4567 liber
1197 4484 1386 4564 extrarius
1414 4509 1460 4562 ex
1488 4479 1598 4562 libris
1626 4478 1823 4563 moralibus
1853 4479 1955 4565 beati

531 4605 722 4716 Gregorii,
742 4624 778 4688 et
796 4605 837 4686 iu
854 4604 916 4686 xii
919 4606 1101 4713 sermones
1119 4601 1271 4712 divisus.

462 4727 500 4812 8.
531 4729 748 4842 Speculum
768 4725 969 4838 Gregorii,
979 4725 1062 4832 five
1079 4722 1368 4836 compendium
1387 4721 1586 4807 librorum
1608 4719 1838 4808 moralium.

1754 4873 1792 4952 9.
1823 4851 1950 4934 Com·
2114 4925 2120 4934 .

743 5157 788 5245 1.]
805 5157 869 5228 Ver.
887 5160 956 5226 Cot.
975 5155 1052 5225 Sub.
1068 5157 1109 5226 C.
1130 5157 1274 5337 LAMSS.
1292 5155 1378 5244 Augl.
1404 5149 1608 5242 1623-356.
