4980 6264
1075 779 1335 876 XXXVII.
1920 801 1987 906 2'3‘

483 983 695 1092 Sequuntur
718 974 854 1084 regula
877 971 930 1054 ad
954 971 1207 1052 inveniendum
1235 987 1332 1173 quot!
1336 964 1428 1079 sum
1451 965 1526 1048 dier
1549 963 1787 1076 operabiles
1768 997 1809 1049 m
1834 997 1900 1080 quo
1899 968 1987 1056 libet

428 1103 550 1216 mrrfi,
571 1119 607 1183 et
623 1129 704 1212 quae
722 1095 905 1207 occupatio
922 1093 1040 1174 media
1058 1091 1133 1173 diei
1149 1097 1231 1175 arti
1255 1096 1315 1176 cia
1315 1094 1361 1173 11
1339 1089 1597 1199 secundum
1593 1091 1727 1172 iterant
1745 1091 1973 1177 dominicam.

485 1254 527 1330 4.
557 1223 729 1306 Tabula
750 1212 1021 1302 arithmetica.

486 1375 525 1457 5.
556 1344 682 1428 Aliud
700 1337 993 1435 kalendarium,
1015 1363 1109 1420 cum
1128 1333 1246 1445 cyclis
1264 1331 1394 1420 tribus
1413 1333 1616 1445 eclipsrum
1638 1335 1728 1420 solis
1746 1352 1787 1419 et
1806 1339 1914 1424 lunae
1932 1343 1983 1426 ab

555 1495 666 1550 anno
688 1471 794 1574 1331
809 1463 859 1544 ad
874 1487 1031 1544 annum
1054 1459 1172 1568 1386,
1190 1460 1984 1574 111111111111111111111111111111111111111.

487 1595 527 1675 6.
556 1589 678 1673 Liber
695 1582 888 1696 compoti,
908 1582 983 1665 five
1001 1579 1231 1696 explanatio
1250 1581 1470 1667 kalendarii
1488 1578 1661 1664 versrbus
1679 1581 1942 1673 hexametris..

485 1741 527 1824 7.
556 1707 805 1818 Algorismus
821 1705 1015 1816 verfibusl
1004 1705 1242 1788 vexametris..

488 1837 526 1918 8.
557 1833 729 1916 Tabulae
747 1825 1023 1914 astronomica
1040 1844 1080 1910 et
1097 1827 1146 1908 de
1164 1825 1442 1938 complexione
1459 1823 1679 1938 tignorum.

488 1953 776 2068 9.Tra8tatus
797 1949 970 2048 aetatis,
993 1952 1148 2034 (1111111.

491 2109 557 2164 ιο.
584 2075 802 2161 Τ111111111
817 2073 1077 2186 Hippocratis
1095 2099 1170 2186 pro
1188 2071 1493 2157 infirmitatibus
1508 2099 1580 2186 per
1591 2071 1878 2198 astronomiam
1889 2103 1985 2190 cog-

583 2197 802 2284 noscendis.

487 2353 556 2434 11.
584 2327 701 2405 Tous
719 2322 775 2404 les
795 2347 943 2403 noums
966 2321 1034 2402 des
1053 2317 1210 2402 chatelx
1228 2317 1501 2428 d'Engleterre
1519 2334 1560 2402 et
1576 2319 1779 2406 ensement
1806 2321 1926 2407 abbea
1946 2319 1989 2410 et

540 2485 542 2490 ·
584 2443 763 2556 prioreez
781 2471 832 2526 en
850 2441 1020 2525 chescun
1038 2447 1221 2525 countoe.

493 2592 556 2652 12.
585 2565 768 2650 Nomina
785 2565 1089 2650 hundredorum
1108 2564 1296 2648 villarum
1316 2581 1357 2649 et
1379 2563 1693 2651 hamelettorum
1710 2567 1841 2652 tocius
1859 2568 2000 2654 'comi--

584 2705 694 2772 tatus
715 2686 926 2772 Suffolciae.
1044 2701 1047 2710 ’
1470 2719 1472 2724 ·

495 2840 559 2920 13·
590 2815 748 2894 Statura
768 2811 817 2893 de
835 2807 1166 2894 distnfflonibus.

495 2961 557 3054 r4.
589 2937 748 3016 Statuta
764 2933 813 3015 de
833 2930 1037 3014 scaccario.

494 3085 510 3138 1
518 3081 557 3166 ς.
588 3054 737 3139 Placita
760 3081 896 3137 coram
925 3050 1148 3162 justiciariis
1173 3047 1458 3134 itinerantibus
1488 3052 1595 3164 apud
1627 3053 1773 3139 turrim
1801 3057 1989 3144 London.

594 3207 644 3284 14
662 3179 776 3261 Edw.
796 3181 850 3260 II.

496 3307 559 3385 16.
590 3305 725 3400 Breve,
752 3301 863 3412 quod
881 3297 1032 3382 dicitur
1052 3299 1101 3381 de
1118 3325 1203 3410 quo
1219 3311 1433 3382 warranto
1440 3297 1492 3380 ad
1508 3297 1782 3383 vicecomitem
1800 3303 1989 3386 London.
1997 3371 2001 3377 .

576 3451 670 3534 quo
688 3423 908 3507 recitantur
925 3422 1229 3506 consuetudines
1248 3421 1421 3530 ejusdem
1438 3419 1622 3505 civitatis.

495 3571 557 3657 17.
588 3546 681 3628 Alia
712 3543 849 3628 brevia
880 3543 1091 3628 officiarios
1123 3543 1303 3628 scaccarii
1341 3557 1412 3627 aut
1444 3542 1647 3630 civitatem
1677 3547 1865 3634 London.
1895 3566 2003 3634 ten·-

587 3667 736 3778 gentia.

405 3862 410 3874 ,
495 3790 559 3874 18.
590 3788 874 3873 Ordinationes
894 3788 1064 3873 civitatis
1085 3789 1272 3873 London.
1294 3790 1446 3872 Gallae.

495 3941 558 4021 19·
586 3911 854 3996 Proclamatio
873 3912 974 4022 regis
993 3913 1042 3996 de
1060 3909 1215 4020 injustis
1234 3907 1550 4023 oppreffionibue
1569 3927 1610 3996 et
1628 3909 1930 4022 gravaminibus
1949 3929 2003 3998 et.

592 4033 739 4145 placita
756 4035 804 4117 de
823 4033 978 4118 eisdem.

493 4187 559 4242 20.
588 4158 727 4240 Valew
744 4159 792 4240 of
806 4156 962 4239 wools
951 4186 996 4239 111
1013 4158 1082 4240 the
1101 4158 1242 4242 several
1261 4157 1441 4240 counties
1460 4155 1510 4240 of
1523 4158 1725 4266 England.

589 4275 663 4362 <The
680 4280 812 4389 highest
822 4282 933 4389 price
946 4281 979 4362 is
996 4312 1023 4362 x
1040 4283 1117 4362 and
1128 4282 1221 4363 thel
1203 4281 1318 4389 lowest
1334 4311 1362 4362 v
1380 4285 1500 4417 marks
1511 4283 1688 4393 persecet.

494 4429 560 4488 11.
591 4405 674 4484 Lex
694 4401 860 4483 marisci.

494 4551 559 4610 22.
590 4522 772 4607 Nomina
793 4523 1076 4608 vicecomitum
1096 4522 1250 4624 Scotiae‚
1278 4542 1319 4608 et
1343 4525 1499 4610 summa
1522 4525 1793 4638 ‘cujussibet
1754 4496 1860 4612 vrce-
1862 4527 2002 4616 comi·-

592 4662 717 4728 tatus.

495 4797 560 4882 23.
590 4767 818 4852 Ordinante
837 4797 942 4881 pour
959 4771 995 4852 le
1014 4796 1205 4881 royaume
1222 4787 1264 4852 et
1280 4771 1320 4852 la
1337 4769 1491 4856 maison
1509 4772 1565 4854 du
1583 4771 1657 4854 roi.

1816 4923 1882 5005 24.
1912 4903 1989 4984 Les

1006 5211 1055 5299 7·]
1072 5213 1141 5284 Vide
1154 5209 1350 5280 CXXXIII.
1370 5233 1400 5280 1.
