4994 6264
1050 698 1358 798 CCCCXLI.
1513 764 1533 813 5
1904 735 2003 832 405

451 983 458 998 ⁸
518 919 560 1002 7.
589 893 651 972 De
667 903 843 1000 quatuor
856 885 1075 985 elementis,
1096 904 1274 999 quatuor
1290 881 1388 972 anni
1398 822 1597 998 partibtis,
1615 902 1656 970 et
1669 901 1846 999 quatuor
1859 887 2008 975 humo-

517 1135 556 1216 8.
585 1010 871 1216 flrlrtauggassggess
876 1072 986 1218 'vitiis
1000 1148 1039 1216 et
1053 1130 1267 1216 virtutibus
1282 1159 1330 1214 ex
1343 1130 1540 1242 Gregorio
1551 1147 1592 1214 et
1603 1130 1846 1242 Augustino,
1858 1153 1902 1245 p.
1916 1162 2007 1244 149.

515 1249 558 1366 9.
583 1251 801 1337 Trasiatus
819 1256 867 1336 de
887 1282 1052 1366 corpore
1073 1253 1243 1338 Domini
1260 1281 1307 1336 ex
1326 1253 1482 1337 diversis
1501 1251 1724 1350 autoribus,
1747 1272 1790 1363 p.
1809 1256 1899 1365 187.

384 1389 392 1396 '
519 1407 581 1462 10.
610 1374 825 1460 Trastatus
845 1377 892 1458 de
912 1376 1060 1488 septem
1078 1375 1331 1460 sacramentis
1349 1393 1545 1458 eteorum
1565 1371 1785 1474 effectibus,
1806 1393 1849 1487 p.
1865 1404 1957 1462 200.

519 1529 582 1582 11.
612 1497 915 1582 Testamentum
944 1498 1260 1610 patriarcharum
1286 1497 1502 1580 secundum
1522 1501 1637 1606 Mag.
1650 1497 1877 1582 Robertum
1896 1503 2004 1583 Gro-

492 1625 497 1630 ’
610 1619 756 1704 lseteste
774 1618 888 1730 episc.
900 1619 1087 1704 Lincoln.
1100 1623 1148 1702 de
1162 1623 1306 1702 Graeco
1321 1618 1363 1702 in
1379 1618 1572 1702 Latinum
1591 1618 1840 1718 transsatum,
1854 1639 1897 1732 p.
1908 1649 1958 1704 20
1963 1651 2001 1734 5.

518 1771 580 1827 12.
609 1741 786 1852 Epistola
808 1742 958 1850 Nigelli
988 1743 1211 1853 [Wireker]
1242 1741 1431 1824 monachi
1452 1739 1618 1824 ecclefiae
1637 1739 1783 1826 Christi
1804 1746 1999 1828 Cantuar.

608 1865 660 1946 ad
674 1863 929 1948 Willelmum
950 1865 1016 1974 [de
1032 1865 1361 1976 Longo-campo]
1384 1861 1539 1974 Elyens.
1558 1861 1787 1975 episcopum
1804 1863 1854 1948 de
1870 1866 2004 1950 erudi·

606 1985 718 2068 tione
737 1977 998 2097 prelatorum,
1020 2005 1062 2098 p.
1078 2013 1172 2097 253.

516 2137 578 2220 13.
607 2107 785 2210 Libellus
805 2113 959 2192 Senecae
978 2109 1027 2191 de
1044 2107 1294 2194 institutione
1312 2135 1488 2208 morum,
1510 2125 1553 2219 p.
1567 2136 1661 2218 311.

517 2261 578 2339 14.
608 2233 649 2314 T
650 2227 825 2318 testatus
860 2229 965 2314 beati
998 2229 1187 2314 Bemardi
1219 2228 1371 2312 abbatis
1403 2227 1713 2314 Claraevallensrs
1743 2230 1791 2314 de
1823 2228 2004 2317 interiori

532 2453 538 2464 .
608 2349 773 2435 homine
792 2354 999 2462 quomodo
1017 2351 1196 2436 inveniat
1216 2351 1458 2450 Dominum,
1482 2372 1524 2463 p.
1539 2379 1634 2462 315.

516 2501 580 2586 15.
608 2471 786 2556 Libellus
821 2473 995 2558 Martini
1025 2471 1196 2586 episcopi
1232 2473 1515 2584 [Bracarensrs]
1549 2475 1599 2556 ad
1631 2471 1838 2558 Mironem
1853 2543 1856 2550 ,
1870 2503 2003 2586 regem

584 2633 587 2638 ·
609 2595 872 2706 [suevorum]
895 2597 943 2678 de
963 2615 1139 2706 quatuor
1154 2595 1372 2680 virtutibus
1388 2594 1690 2708 principalibus,
1712 2613 1755 2706 p.
1770 2625 1791 2706 3
1799 2625 1865 2704 52.
2033 2612 2036 2620 ’

522 2722 584 2802 16.
613 2715 819 2801 Institutio
865 2715 1113 2830 novitiorum
1159 2717 1275 2826 juxta
1317 2715 1646 2810 consuetudinem
1679 2717 1855 2802 ‘ecclesrae
1894 2723 2004 2803 Can·

608 2838 830 2924 tuariensn.

514 2990 577 3074 17.
606 2965 670 3044 De
689 2961 862 3073 passione
880 2979 921 3045 et
937 2960 1219 3046 resurrec‘lione
1240 2959 1410 3050 Domini
1429 2989 1478 3045 ex
1496 2960 1693 3072 Gregorio
1713 2962 1938 3075 Tyronenfi
1956 2963 2005 3047 de

609 3083 783 3192 gestibus
803 3087 1066 3182 Francorum,
1089 3101 1132 3195 p.
1148 3115 1240 3196 392.

516 3206 578 3290 18.
608 3209 671 3288 De
698 3203 981 3290 resurrectione
1003 3233 1051 3289 ex
1071 3205 1316 3294 sermonibus
1336 3203 1553 3318 Augustini
1580 3207 1629 3288 de
1646 3204 1808 3292 sabbato
1835 3205 2002 3318 paschae,

600 3347 644 3439 P·
660 3355 753 3437 392·
1497 3423 1500 3429 .

516 3478 577 3557 19.
607 3449 727 3532 Gesta
748 3449 960 3533 Salvatoris
980 3449 1118 3548 nostri,
1136 3449 1306 3536 Domini
1325 3448 1449 3534 nostri
1470 3449 1555 3532 lesu
1573 3449 1722 3532 Christi
1740 3478 1831 3562 quae
1851 3449 2006 3538 invenit

465 3571 469 3578 '
607 3567 855 3652 Theodosius
876 3597 1048 3678 magnus
1076 3572 1294 3682 imperator
1310 3572 1354 3657 in
1372 3571 1582 3656 Ierusalem
1600 3571 1644 3656 in
1671 3573 1849 3684 pretorio
1868 3573 2004 3660 Pontii

607 3689 726 3774 Pilati
745 3691 789 3774 in
807 3689 1009 3794 codicibus
1028 3691 1213 3802 publicis,
1235 3713 1277 3804 p.
1293 3723 1387 3804 393.

512 3837 578 3896 20.
606 3811 784 3898 Libellus
801 3815 851 3896 de
869 3812 1044 3898 infantia
1062 3816 1289 3914 salvatoris,
1312 3833 1352 3926 p.
1367 3842 1416 3921 41
1425 3843 1463 3924 5.

539 3980 541 3984 ·
607 3939 652 4020 In
671 3936 733 4020 hoc
750 3955 850 4047 opere
864 3939 1090 4020 continentur
1107 3935 1496 4048 eppsolaestrppoſstr‘tiae
1510 3937 1713 4022 Chremetis
1728 3959 1764 4021 et
1775 3936 1942 4022 Eliodori
1955 3938 2009 4020 ad

606 4061 860 4142 Hieronimum
880 4058 922 4146 de
948 4059 1149 4144 nativitate
1166 4059 1330 4170 virginis
1348 4075 1383 4142 et
1404 4058 1570 4170 irfirntr‘a
1587 4062 1792 4146 Salvatoris
1811 4063 2003 4172 21299011-

594 4179 681 4292 firm
699 4181 921 4263 Hieronimi.
1044 4237 1045 4240 κ
1708 4187 1725 4212 “

511 4329 578 4386 21.
606 4299 785 4386 Historia
802 4301 946 4387 sarrsiae
964 4301 1107 4393 Mariae
1127 4303 1175 4388 de
1195 4303 1408 4417 Sardanay,
1430 4322 1474 4416 p.
1486 4331 1582 4415 439.

1732 4499 1733 4504 .
1760 4453 1825 4510 22.
1854 4421 2002 4508 Trasi-

512 4759 582 4850 13.]
599 4761 668 4832 the
681 4758 886 4828 CLXXVII.
902 4783 934 4850 9.
950 4759 1139 4830 CCCXVl.
1158 4783 1209 4852 13.

458 4863 471 4886 ‘
511 4866 583 4950 14.]
601 4863 966 4938 mcccccbxxxt.
983 4867 1015 4960 tl.

513 4969 584 5056 15.]
600 4969 670 5039 tao
683 4965 886 5036 CLXXVII.
904 4969 935 5036 8.
951 4965 1187 5038 CCCCXXX·
1207 4990 1238 5039 1.

514 5068 584 5160 19.]
600 5070 670 5144 Vite
685 5067 971 5140 ccuxxxvnr.
986 5093 1021 5158 4.
