5054 6256
1140 761 1339 862 CLXX.
1948 789 2038 888 241

549 973 615 1059 3²·
643 944 802 1032 Petitio.
821 941 979 1032 abbatis
1006 956 1046 1026 et
1071 959 1302 1029 conventus
1324 943 1372 1024 de
1392 937 1630 1047 Wiblingen
1651 939 1843 1022 Constan.
1869 937 1970 1022 dioc.
1994 939 2044 1019 ad
2156 1035 2165 1048 ἡ

641 1094 790 1179 papam
818 1084 961 1150 contra
978 1065 1259 1152 Eberhardum
1286 1065 1335 1148 dc
1355 1062 1593 1170 Kirchberg,
1624 1061 1696 1170 qui
1717 1061 1753 1142 se
1772 1062 1821 1160 de
1839 1059 1949 1142 fadlo
1977 1059 2042 1142 in-

643 1185 760 1268 trusit
778 1185 822 1266 in
841 1185 1090 1268 advocatiam
1109 1183 1208 1268 diui
1227 1183 1469 1279 monasterii,
1490 1185 1565 1267 dte.
1589 1199 1630 1290 p.
1644 1183 1711 1264 62.

547 1335 615 1418 33.
643 1305 791 1390 Petitio
807 1307 995 1412 Gregorii
1009 1310 1201 1415 Heggeue
1219 1327 1362 1390 contra
1382 1304 1691 1415 appellationem
1713 1300 1875 1386 Ioannis
1894 1305 1981 1410 Zag
1999 1319 2038 1384 et

644 1428 807 1512 Ioannis
829 1426 1092 1536 Hagenwiter
1120 1428 1163 1510 in
1183 1427 1301 1512 causa
1327 1429 1376 1510 de
1396 1425 1638 1510 canonicatu
1666 1444 1706 1507 et
1734 1427 1922 1536 prebend.
1944 1427 2038 1508 eccl.

553 1612 556 1616 .
639 1549 859 1656 collegiata
879 1552 916 1630 S.
929 1546 1070 1633 Felicis
1091 1549 1283 1632 Constan.
1303 1548 1405 1630 dioc.
1430 1565 1472 1654 p.
1487 1549 1553 1654 63.

547 1689 614 1770 34.
642 1665 791 1748 Petitio
809 1667 965 1754 abbatis
991 1667 1216 1752 monasterii
1239 1670 1288 1748 de
1308 1665 1592 1748 ochsenhusen
1610 1661 1762 1747 ordinis
1785 1669 1822 1745 S.
1834 1664 2039 1746 Benedicti

643 1787 783 1870 Const.
810 1787 914 1870 dioc.
941 1805 1083 1872 contra
1110 1787 1204 1870 odo
1230 1787 1451 1871 monachos
1482 1785 1656 1893 eiusdem
1686 1783 1914 1869 monasterii
1942 1812 2038 1894 pro-

643 1905 764 2016 fugos
784 1927 825 1990 et
842 1925 1113 2005 contumaces,
1144 1909 1236 1993 ibid.

545 2052 568 2135 3
577 2051 614 2135 5.
643 2026 790 2138 Petitio
809 2028 1007 2138 praepofiti
1026 2047 1066 2112 et
1084 2029 1374 2112 canonicorum
1395 2025 1624 2112 monasterii
1644 2031 1681 2110 S.
1694 2025 1968 2136 Christopheri
1990 2032 2038 2113 de

641 2149 978 2258 Ravengitlburg,
1004 2149 1155 2232 ordinis
1181 2154 1219 2232 S.
1232 2147 1462 2258 Augustini,
1483 2151 2039 2256 Magunt.d10c.contraSi-

464 2309 470 2324 ·
641 2263 796 2348 fridum
815 2267 1044 2378 episcopum
1059 2268 1246 2352 Cirenen.
1267 2268 1419 2352 titulat.
1440 2265 1736 2375 suffraganeum
1757 2269 2040 2380 archiepiscopi

642 2387 757 2493 Mag.
777 2405 817 2468 et
842 2386 1043 2470 ministros
1062 2389 1259 2472 Frederici
1277 2389 1389 2470 ducis
1410 2386 1600 2485 Bavariae,
1627 2389 1700 2498 qui
1729 2407 1884 2472 armata
1913 2417 2038 2473 manu

642 2531 712 2585 eus
729 2506 778 2585 de
796 2504 907 2587 diuo
926 2507 1168 2590 monasterio
1186 2508 1438 2620 expulerant³
1461 2520 1503 2610 p.
1518 2507 1583 2612 65.

549 2625 617 2734 36.
646 2621 744 2705 Alia
759 2626 981 2707 eorundem
999 2625 1156 2737 petitio,
1171 2643 1229 2706 ut
1250 2626 1300 2708 ab
1329 2621 1574 2731 obligatione
1594 2623 1813 2732 juramenti
1832 2625 1873 2708 vi
1891 2625 2040 2710 extorti

643 2741 862 2840 solvantur,
886 2762 928 2853 p.
941 2747 1009 2856 67.
1340 2819 1346 2828 .

467 2887 470 2900 ·
549 2889 615 2975 37.
645 2865 792 2947 Petitio
812 2865 967 2976 Gaspar
984 2871 1111 2976 Vogt,
1133 2883 1181 2947 ut
1198 2862 1313 2949 causa
1341 2862 1649 2950 matrimonialis
1679 2865 1855 2971 pendens
1880 2864 1986 2950 inter
2004 2867 2042 2949 se

640 3001 681 3064 et
709 2983 872 3066 Amiam
907 2985 1103 3069 Suscitzin
1140 2988 1421 3070 committatur
1446 2986 1510 3070 ad
1543 2983 1799 3072 ordinarium
1827 2985 1930 3073 dioc.
1964 2991 2041 3070 suae

642 3103 781 3183 Const.
810 3103 902 3184 ibid.

547 3221 614 3332 38.
644 3221 791 3306 Petitio
820 3225 995 3306 Thornae
1028 3224 1180 3334 Hophe
1212 3251 1327 3335 papa
1356 3222 1604 3322 cubicularii,
1640 3241 1687 3308 ut
1717 3227 1953 3334 Raynoldus
1990 3229 2041 3310 de

641 3345 764 3424 Luna
778 3359 977 3426 mercator
991 3347 1168 3426 Florent.
1184 3343 1571 3440 excommunicetur,
1586 3371 1636 3426 ex
1650 3371 1697 3427 eo
1712 3346 1823 3454 quod
1837 3343 2037 3434 summam

643 3463 707 3542 M.
723 3462 967 3546 ducatorum
996 3463 1046 3544 de
1074 3489 1175 3545 auro
1198 3461 1328 3546 eidem
1349 3462 1523 3548 Thumae
1550 3461 1728 3552 debitam
1752 3463 1898 3548 solvere
1926 3469 2041 3550 nole-

643 3581 727 3676 bat,
749 3597 793 3688 p.
807 3581 874 3662 68.

549 3729 615 3812 39.
643 3700 893 3812 Dispensatio
920 3701 1098 3784 concessa
1126 3702 1176 3784 ab
1197 3701 1428 3784 Alexandro
1455 3727 1561 3812 papa
1589 3701 1960 3804 IohanniFelford,
1990 3727 2040 3794 ut

644 3819 850 3904 ecclefiam.
873 3819 1147 3931 parochialem
1173 3823 1222 3904 de
1247 3821 1498 3916 Bridestowe,
1525 3823 1656 3906 Eiron.
1676 3823 1778 3906 dioc.
1801 3823 1934 3928 (cujus
1964 3855 2040 3914 an.

619 3965 751 4024 nnus
769 3940 882 4021 valor
906 3967 994 4020 non
1010 3939 1163 4022 excedit
1184 3963 1246 4022 xx
1270 3943 1442 4046 marcas)
1463 3965 1558 4024 cum
1589 3943 1779 4051 prebend.
1801 3947 1959 4031 ecclcfia
1988 3952 2038 4033 de
2161 3964 2164 3968 ’

641 4065 774 4144 Exon.
793 4060 953 4142 unitam
972 4075 1119 4155 teneat,
1135 4079 1186 4170 φ.
1202 4062 1268 4166 69.

546 4211 614 4290 40.
646 4181 854 4263 Conceffio
882 4205 1029 4262 annuae
1058 4179 1256 4290 pensionis
1289 4205 1336 4288 23
1348 4177 1400 4286 ζ.
1421 4179 1482 4258 65.
1506 4177 1571 4260 td.
1598 4180 1712 4289 Mag.
1744 4185 1774 4264 I.
1788 4182 1838 4264 L.
1863 4183 2036 4272 durante

587 4343 590 4347 ·
641 4300 805 4384 vitasua
818 4329 889 4411 per
903 4298 1131 4382 ministrum
1146 4315 1187 4382 et
1201 4297 1343 4384 fratres
1358 4300 1503 4384 domus
1517 4301 1554 4381 S.
1568 4298 1863 4406 Robertijuxta
1878 4307 2035 4392 Koare-

640 4424 829 4531 borough
849 4423 894 4505 in
913 4422 1110 4508 comitatu
1127 4421 1251 4505 Ebur.
1272 4413 1432 4508 ordinis·
1446 4423 1484 4504 S.
1496 4419 1615 4509 Trin.
1634 4440 1674 4506 et
1694 4424 1890 4535 Redemp.
1912 4429 2033 4539 Capt.

603 4619 607 4628 .
644 4572 694 4654 23
713 4548 821 4652 Aug.
847 4568 966 4648 1444,
995 4541 1088 4624 ibid.

543 4699 610 4778 41.
642 4661 913 4748 Confirmatio
944 4660 1116 4767 ejusdem
1150 4659 1408 4745 concelliouis
1441 4683 1578 4748 coram
1606 4659 1800 4748 cardinali
1833 4663 2032 4780 [Kempe]

643 4782 942 4895 archiepiscopo.
955 4781 1080 4872 libor.
1104 4798 1145 4891 p.
1159 4809 1228 4890 70.

544 4940 611 5020 42.
641 4903 892 5016 Dispensatio
911 4901 1011 4986 sixti
1030 4903 1101 4985 IV.
1121 4920 1170 4984 ut
1191 4899 1327 4984 vicarii
1352 4897 1395 4981 in
1416 4901 1567 5011 capella
1594 4897 1713 5012 regia·
1729 4899 1778 4984 de
1799 4901 2035 4990 Windesore

641 5057 689 5112 ex
708 5023 949 5109 fundatione
977 5020 1286 5131 regisEduardi
1304 5023 1375 5107 IV.
1395 5018 1636 5110 beneficium
1665 5020 1841 5108 alterum
1860 5023 2032 5134 quodvis

642 5174 737 5234 cum
758 5145 912 5230 vicariis
932 5141 1010 5228 suis
1029 5161 1164 5226 tenere
1183 5143 1344 5251 pollint,
1367 5159 1409 5252 p.
1422 5140 1491 5252 7¹·

1153 5266 1197 5347 H
1218 5264 1248 5349 h
1813 5286 1882 5368 43.
1911 5259 2045 5349 Testi-
