<?xml version="1.0" encoding="UTF-8"?>
<!DOCTYPE html PUBLIC "-//W3C//DTD XHTML 1.0 Transitional//EN"
    "http://www.w3.org/TR/xhtml1/DTD/xhtml1-transitional.dtd">
<html xmlns="http://www.w3.org/1999/xhtml" xml:lang="en" lang="en">
 <head>
  <title>
</title>
<meta http-equiv="Content-Type" content="text/html;charset=utf-8" />
  <meta name='ocr-system' content='tesseract 3.04.00' />
  <meta name='ocr-capabilities' content='ocr_page ocr_carea ocr_par ocr_line ocrx_word'/>
</head>
<body>
  <div class='ocr_page' id='page_1' title='image "./cataloguslibror00nasmgoog_0406.png"; bbox 0 0 4994 6264; ppageno 0'>
   <div class='ocr_carea' id='block_1_1' title="bbox 1877 757 2127 858">
    <p class='ocr_par' dir='ltr' id='par_1_1' title="bbox 1877 757 2127 858">
     <span class='ocr_line' id='line_1_1' title="bbox 1877 757 2127 858; baseline 0.016 -5"><span class='ocrx_word' id='word_1_1' title='bbox 1877 757 1970 858; x_wconf 79' lang='lat'>391</span> <span class='ocrx_word' id='word_1_2' title='bbox 2122 849 2127 856; x_wconf 87' lang='lat'>.</span> 
     </span>
    </p>
   </div>
   <div class='ocr_carea' id='block_1_2' title="bbox 907 895 1425 1016">
    <p class='ocr_par' dir='ltr' id='par_1_2' title="bbox 907 895 1425 1016">
     <span class='ocr_line' id='line_1_2' title="bbox 907 895 1425 1016; baseline 0 0"><span class='ocrx_word' id='word_1_3' title='bbox 907 899 940 962; x_wconf 68' lang='grc' dir='ltr'>Ὗ</span> <span class='ocrx_word' id='word_1_4' title='bbox 988 895 1425 1016; x_wconf 82' lang='lat' dir='ltr'>ccccxxlt.</span> 
     </span>
    </p>
   </div>
   <div class='ocr_carea' id='block_1_3' title="bbox 423 1055 1980 1766">
    <p class='ocr_par' dir='ltr' id='par_1_3' title="bbox 423 1055 1980 1292">
     <span class='ocr_line' id='line_1_3' title="bbox 478 1055 1980 1168; baseline -0.005 -19"><span class='ocrx_word' id='word_1_5' title='bbox 478 1064 595 1149; x_wconf 82' lang='lat' dir='ltr'><em>Codex</em></span> <span class='ocrx_word' id='word_1_6' title='bbox 614 1058 903 1146; x_wconf 82' lang='lat' dir='ltr'>membranaceus</span> <span class='ocrx_word' id='word_1_7' title='bbox 921 1059 963 1144; x_wconf 85' lang='lat' dir='ltr'>r&#39;n</span> <span class='ocrx_word' id='word_1_8' title='bbox 986 1059 1038 1140; x_wconf 78' lang='lat'>8¹⁰</span> <span class='ocrx_word' id='word_1_9' title='bbox 1055 1059 1230 1168; x_wconf 83' lang='lat' dir='ltr'>crafflorr’,</span> <span class='ocrx_word' id='word_1_10' title='bbox 1255 1057 1425 1166; x_wconf 79' lang='lat' dir='ltr'>adenjur</span> <span class='ocrx_word' id='word_1_11' title='bbox 1444 1055 1576 1142; x_wconf 79' lang='lat' dir='ltr'>calcem</span> <span class='ocrx_word' id='word_1_12' title='bbox 1594 1055 1775 1142; x_wconf 79' lang='lat' dir='ltr'><em>habentur</em></span> <span class='ocrx_word' id='word_1_13' title='bbox 1790 1056 1848 1142; x_wconf 81' lang='lat' dir='ltr'>bae</span> <span class='ocrx_word' id='word_1_14' title='bbox 1864 1088 1980 1144; x_wconf 86' lang='lat' dir='ltr'>anno·</span> 
     </span>
     <span class='ocr_line' id='line_1_4' title="bbox 423 1174 1685 1292; baseline -0.007 -21"><span class='ocrx_word' id='word_1_15' title='bbox 423 1187 578 1271; x_wconf 80' lang='lat' dir='ltr'>tationes</span> <span class='ocrx_word' id='word_1_16' title='bbox 596 1181 735 1266; x_wconf 83' lang='lat' dir='ltr'>recenti</span> <span class='ocrx_word' id='word_1_17' title='bbox 752 1211 863 1266; x_wconf 82' lang='lat' dir='ltr'><strong>nanu</strong></span> <span class='ocrx_word' id='word_1_18' title='bbox 870 1181 1044 1292; x_wconf 74' lang='lat' dir='ltr'>scripta.</span> <span class='ocrx_word' id='word_1_19' title='bbox 1683 1174 1685 1180; x_wconf 63' lang='grc'>’</span> 
     </span>
    </p>

    <p class='ocr_par' dir='ltr' id='par_1_4' title="bbox 482 1295 1668 1411">
     <span class='ocr_line' id='line_1_5' title="bbox 482 1295 1668 1411; baseline -0.002 -27"><span class='ocrx_word' id='word_1_20' title='bbox 482 1315 508 1352; x_wconf 88' lang='grc'><strong>“</strong></span> <span class='ocrx_word' id='word_1_21' title='bbox 530 1301 606 1384; x_wconf 78' lang='lat' dir='ltr'>The</span> <span class='ocrx_word' id='word_1_22' title='bbox 622 1302 706 1384; x_wconf 84' lang='lat' dir='ltr'>rede</span> <span class='ocrx_word' id='word_1_23' title='bbox 723 1301 806 1384; x_wconf 80' lang='lat' dir='ltr'>bote</span> <span class='ocrx_word' id='word_1_24' title='bbox 822 1301 871 1411; x_wconf 67' lang='lat' dir='ltr'>eff</span> <span class='ocrx_word' id='word_1_25' title='bbox 877 1302 1034 1411; x_wconf 76' lang='lat' dir='ltr'>Darbye</span> <span class='ocrx_word' id='word_1_26' title='bbox 1052 1302 1093 1384; x_wconf 86' lang='lat' dir='ltr'>in</span> <span class='ocrx_word' id='word_1_27' title='bbox 1111 1300 1171 1384; x_wconf 85' lang='lat' dir='ltr'>the</span> <span class='ocrx_word' id='word_1_28' title='bbox 1191 1300 1315 1380; x_wconf 85' lang='lat' dir='ltr'>Peake</span> <span class='ocrx_word' id='word_1_29' title='bbox 1332 1295 1374 1380; x_wconf 82' lang='lat' dir='ltr'>in</span> <span class='ocrx_word' id='word_1_30' title='bbox 1395 1298 1668 1406; x_wconf 79' lang='lat' dir='ltr'>Darbyshire.&#39;’</span> 
     </span>
    </p>

    <p class='ocr_par' dir='ltr' id='par_1_5' title="bbox 427 1415 1980 1766">
     <span class='ocr_line' id='line_1_6' title="bbox 482 1415 1980 1528; baseline -0.005 -24"><span class='ocrx_word' id='word_1_31' title='bbox 482 1432 509 1470; x_wconf 91' lang='lat'><strong>“</strong></span> <span class='ocrx_word' id='word_1_32' title='bbox 530 1418 619 1504; x_wconf 74' lang='lat' dir='ltr'><em>This</em></span> <span class='ocrx_word' id='word_1_33' title='bbox 637 1420 738 1502; x_wconf 86' lang='lat' dir='ltr'>booke</span> <span class='ocrx_word' id='word_1_34' title='bbox 755 1450 835 1504; x_wconf 85' lang='lat' dir='ltr'>war</span> <span class='ocrx_word' id='word_1_35' title='bbox 850 1421 1027 1526; x_wconf 77' lang='lat' dir='ltr'>structione</span> <span class='ocrx_word' id='word_1_36' title='bbox 1043 1421 1121 1504; x_wconf 81' lang='lat' dir='ltr'>tad</span> <span class='ocrx_word' id='word_1_37' title='bbox 1136 1421 1177 1504; x_wconf 85' lang='lat' dir='ltr'>in</span> <span class='ocrx_word' id='word_1_38' title='bbox 1193 1419 1287 1528; x_wconf 82' lang='lat' dir='ltr'>fiech</span> <span class='ocrx_word' id='word_1_39' title='bbox 1300 1446 1503 1514; x_wconf 75' lang='lat' dir='ltr'>reuerence</span> <span class='ocrx_word' id='word_1_40' title='bbox 1520 1418 1561 1504; x_wconf 85' lang='lat' dir='ltr'>r&#39;n</span> <span class='ocrx_word' id='word_1_41' title='bbox 1580 1415 1826 1526; x_wconf 77' lang='lat' dir='ltr'>Derbiefhire</span> <span class='ocrx_word' id='word_1_42' title='bbox 1844 1415 1928 1500; x_wconf 80' lang='lat' dir='ltr'><strong>that</strong></span> <span class='ocrx_word' id='word_1_43' title='bbox 1945 1417 1980 1497; x_wconf 83' lang='lat' dir='ltr'>ir</span> 
     </span>
     <span class='ocr_line' id='line_1_7' title="bbox 427 1535 1980 1652; baseline -0.005 -28"><span class='ocrx_word' id='word_1_44' title='bbox 427 1551 455 1590; x_wconf 79' lang='lat'>‘⁸</span> <span class='ocrx_word' id='word_1_45' title='bbox 474 1569 553 1624; x_wconf 87' lang='lat' dir='ltr'>was</span> <span class='ocrx_word' id='word_1_46' title='bbox 570 1541 756 1650; x_wconf 77' lang='lat' dir='ltr'><em>commonly</em></span> <span class='ocrx_word' id='word_1_47' title='bbox 774 1540 922 1623; x_wconf 84' lang='lat' dir='ltr'>beleoed</span> <span class='ocrx_word' id='word_1_48' title='bbox 944 1543 1028 1626; x_wconf 85' lang='lat' dir='ltr'><strong>that</strong></span> <span class='ocrx_word' id='word_1_49' title='bbox 1046 1541 1246 1652; x_wconf 81' lang='lat' dir='ltr'>whosoeoer</span> <span class='ocrx_word' id='word_1_50' title='bbox 1260 1539 1397 1647; x_wconf 80' lang='lat' dir='ltr'><em>should</em></span> <span class='ocrx_word' id='word_1_51' title='bbox 1406 1538 1556 1648; x_wconf 85' lang='lat' dir='ltr'>sweare</span> <span class='ocrx_word' id='word_1_52' title='bbox 1582 1538 1769 1624; x_wconf 83' lang='lat' dir='ltr'>uatruelt&#39;e</span> <span class='ocrx_word' id='word_1_53' title='bbox 1795 1554 1887 1645; x_wconf 83' lang='lat' dir='ltr'>upon</span> <span class='ocrx_word' id='word_1_54' title='bbox 1904 1535 1980 1618; x_wconf 77' lang='lat' dir='ltr'>this</span> 
     </span>
     <span class='ocr_line' id='line_1_8' title="bbox 430 1658 1768 1766; baseline -0.006 -23"><span class='ocrx_word' id='word_1_55' title='bbox 430 1671 456 1708; x_wconf 91' lang='lat'>“</span> <span class='ocrx_word' id='word_1_56' title='bbox 476 1659 717 1766; x_wconf 68' lang='lat' dir='ltr'>totostoto</span> <span class='ocrx_word' id='word_1_57' title='bbox 731 1688 805 1742; x_wconf 88' lang='lat' dir='ltr'>run</span> <span class='ocrx_word' id='word_1_58' title='bbox 824 1658 945 1742; x_wconf 83' lang='lat' dir='ltr'>madd.</span> <span class='ocrx_word' id='word_1_59' title='bbox 1763 1661 1768 1672; x_wconf 88' lang='lat'>&#39;</span> 
     </span>
    </p>
   </div>
   <div class='ocr_carea' id='block_1_4' title="bbox 483 1778 1980 2008">
    <p class='ocr_par' dir='ltr' id='par_1_6' title="bbox 483 1778 1980 2008">
     <span class='ocr_line' id='line_1_9' title="bbox 483 1778 989 1878; baseline 0 -18"><span class='ocrx_word' id='word_1_60' title='bbox 483 1779 530 1860; x_wconf 87' lang='lat' dir='ltr'>In</span> <span class='ocrx_word' id='word_1_61' title='bbox 548 1804 586 1858; x_wconf 83' lang='lat' dir='ltr'>eo</span> <span class='ocrx_word' id='word_1_62' title='bbox 604 1795 725 1860; x_wconf 83' lang='lat' dir='ltr'>autem</span> <span class='ocrx_word' id='word_1_63' title='bbox 745 1778 989 1878; x_wconf 82' lang='lat' dir='ltr'>continentur,</span> 
     </span>
     <span class='ocr_line' id='line_1_10' title="bbox 491 1892 1980 2008; baseline -0.002 -30"><span class='ocrx_word' id='word_1_64' title='bbox 491 1922 526 1978; x_wconf 89' lang='lat' dir='ltr'>r.</span> <span class='ocrx_word' id='word_1_65' title='bbox 556 1895 851 2004; x_wconf 84' lang='lat' dir='ltr'><strong>Fragmentum</strong></span> <span class='ocrx_word' id='word_1_66' title='bbox 869 1897 1125 2008; x_wconf 85' lang='lat' dir='ltr'>dialogorum</span> <span class='ocrx_word' id='word_1_67' title='bbox 1149 1893 1256 1980; x_wconf 87' lang='lat' dir='ltr'>inter</span> <span class='ocrx_word' id='word_1_68' title='bbox 1276 1899 1536 2002; x_wconf 89' lang='lat' dir='ltr'>Solomonem</span> <span class='ocrx_word' id='word_1_69' title='bbox 1556 1915 1596 1980; x_wconf 88' lang='lat' dir='ltr'>et</span> <span class='ocrx_word' id='word_1_70' title='bbox 1616 1901 1838 1994; x_wconf 80' lang='lat' dir='ltr'><strong>Saturnum</strong></span> <span class='ocrx_word' id='word_1_71' title='bbox 1856 1892 1980 1978; x_wconf 87' lang='lat' dir='ltr'>veteri</span> 
     </span>
    </p>
   </div>
   <div class='ocr_carea' id='block_1_5' title="bbox 551 2013 1978 2222">
    <p class='ocr_par' dir='ltr' id='par_1_7' title="bbox 399 2013 1978 2222">
     <span class='ocr_line' id='line_1_11' title="bbox 551 2013 1978 2128; baseline -0.004 -25.578"><span class='ocrx_word' id='word_1_72' title='bbox 551 2013 906 2128; x_wconf 88' lang='lat' dir='ltr'>manuscriptum,</span> <span class='ocrx_word' id='word_1_73' title='bbox 934 2017 1107 2103; x_wconf 78' lang='lat' dir='ltr'>versibus</span> <span class='ocrx_word' id='word_1_74' title='bbox 1128 2017 1332 2102; x_wconf 85' lang='lat' dir='ltr'>Saxonicie</span> <span class='ocrx_word' id='word_1_75' title='bbox 1361 2017 1507 2128; x_wconf 88' lang='lat' dir='ltr'>quibus</span> <span class='ocrx_word' id='word_1_76' title='bbox 1536 2017 1660 2102; x_wconf 88' lang='lat' dir='ltr'>etiam</span> <span class='ocrx_word' id='word_1_77' title='bbox 1689 2015 1876 2128; x_wconf 86' lang='lat' dir='ltr'>plurimae</span> <span class='ocrx_word' id='word_1_78' title='bbox 1904 2015 1978 2098; x_wconf 91' lang='lat' dir='ltr'>ha·</span> 
     </span>
     <span class='ocr_line' id='line_1_12' title="bbox 555 2133 1973 2222; baseline -0.016 -5"><span class='ocrx_word' id='word_1_79' title='bbox 555 2135 705 2218; x_wconf 89' lang='lat' dir='ltr'>bentur</span> <span class='ocrx_word' id='word_1_80' title='bbox 722 2133 848 2218; x_wconf 85' lang='lat' dir='ltr'>literae</span> <span class='ocrx_word' id='word_1_81' title='bbox 868 2135 1052 2222; x_wconf 79' lang='lat' dir='ltr'>Runicae.</span> <span class='ocrx_word' id='word_1_82' title='bbox 1970 2157 1973 2166; x_wconf 89' lang='lat'>·</span> 
     </span>
    </p>
   </div>
   <div class='ocr_carea' id='block_1_6' title="bbox 489 2253 1498 2372">
    <p class='ocr_par' dir='ltr' id='par_1_8' title="bbox 489 2253 1498 2372">
     <span class='ocr_line' id='line_1_13' title="bbox 489 2253 1498 2372; baseline 0.008 -36"><span class='ocrx_word' id='word_1_83' title='bbox 489 2278 526 2337; x_wconf 84' lang='lat'>2.</span> <span class='ocrx_word' id='word_1_84' title='bbox 555 2253 678 2336; x_wconf 85' lang='lat' dir='ltr'>Liber</span> <span class='ocrx_word' id='word_1_85' title='bbox 696 2253 939 2364; x_wconf 82' lang='lat' dir='ltr'>pontificalia</span> <span class='ocrx_word' id='word_1_86' title='bbox 959 2259 1103 2344; x_wconf 87' lang='lat' dir='ltr'>Latine</span> <span class='ocrx_word' id='word_1_87' title='bbox 1108 2258 1179 2366; x_wconf 85' lang='lat' dir='ltr'>seu</span> <span class='ocrx_word' id='word_1_88' title='bbox 1192 2258 1314 2372; x_wconf 80' lang='lat' dir='ltr'>potius</span> <span class='ocrx_word' id='word_1_89' title='bbox 1334 2256 1498 2362; x_wconf 84' lang='lat' dir='ltr'>missale.</span> 
     </span>
    </p>
   </div>
   <div class='ocr_carea' id='block_1_7' title="bbox 975 2459 1439 2580">
    <p class='ocr_par' dir='ltr' id='par_1_9' title="bbox 975 2459 1439 2580">
     <span class='ocr_line' id='line_1_14' title="bbox 975 2459 1439 2580; baseline 0.009 -4"><span class='ocrx_word' id='word_1_90' title='bbox 975 2459 1439 2580; x_wconf 87' lang='lat' dir='ltr'>CCCCXXHI.</span> 
     </span>
    </p>
   </div>
   <div class='ocr_carea' id='block_1_8' title="bbox 417 2608 1985 3094">
    <p class='ocr_par' dir='ltr' id='par_1_10' title="bbox 417 2608 1985 3094">
     <span class='ocr_line' id='line_1_15' title="bbox 485 2608 1982 2732; baseline -0.003 -34"><span class='ocrx_word' id='word_1_91' title='bbox 485 2613 603 2698; x_wconf 79' lang='lat' dir='ltr'>Codex</span> <span class='ocrx_word' id='word_1_92' title='bbox 612 2615 761 2726; x_wconf 79' lang='lat' dir='ltr'>partim</span> <span class='ocrx_word' id='word_1_93' title='bbox 779 2615 1068 2704; x_wconf 82' lang='lat' dir='ltr'>membranaceus</span> <span class='ocrx_word' id='word_1_94' title='bbox 1079 2621 1226 2732; x_wconf 76' lang='lat' dir='ltr'>partim</span> <span class='ocrx_word' id='word_1_95' title='bbox 1244 2608 1462 2704; x_wconf 66' lang='lat' dir='ltr'>chartaceus</span> <span class='ocrx_word' id='word_1_96' title='bbox 1475 2623 1517 2704; x_wconf 83' lang='lat' dir='ltr'>in</span> <span class='ocrx_word' id='word_1_97' title='bbox 1536 2624 1591 2726; x_wconf 82' lang='lat' dir='ltr'>4to</span> <span class='ocrx_word' id='word_1_98' title='bbox 1609 2617 1759 2716; x_wconf 81' lang='lat' dir='ltr'>minori,</span> <span class='ocrx_word' id='word_1_99' title='bbox 1771 2615 1893 2726; x_wconf 74' lang='lat' dir='ltr'>seculo</span> <span class='ocrx_word' id='word_1_100' title='bbox 1909 2614 1982 2694; x_wconf 80' lang='lat' dir='ltr'>avi</span> 
     </span>
     <span class='ocr_line' id='line_1_16' title="bbox 417 2731 1983 2870; baseline 0.001 -57"><span class='ocrx_word' id='word_1_101' title='bbox 417 2731 598 2870; x_wconf 66' lang='lat' dir='ltr'>scriptus,</span> <span class='ocrx_word' id='word_1_102' title='bbox 630 2735 714 2816; x_wconf 77' lang='lat' dir='ltr'>odim</span> <span class='ocrx_word' id='word_1_103' title='bbox 734 2735 919 2845; x_wconf 82' lang='lat' dir='ltr'>peculium</span> <span class='ocrx_word' id='word_1_104' title='bbox 937 2741 1220 2850; x_wconf 80' lang='lat' dir='ltr'>reuerendiffimr&#39;</span> <span class='ocrx_word' id='word_1_105' title='bbox 1236 2743 1415 2850; x_wconf 76' lang='lat' dir='ltr'>antistitis</span> <span class='ocrx_word' id='word_1_106' title='bbox 1434 2738 1612 2844; x_wconf 81' lang='lat' dir='ltr'>Gulielmt&#39;</span> <span class='ocrx_word' id='word_1_107' title='bbox 1629 2737 1822 2836; x_wconf 83' lang='lat' dir='ltr'>Warham,</span> <span class='ocrx_word' id='word_1_108' title='bbox 1837 2736 1893 2844; x_wconf 81' lang='lat' dir='ltr'>¹in</span> <span class='ocrx_word' id='word_1_109' title='bbox 1916 2761 1983 2844; x_wconf 86' lang='lat' dir='ltr'>quo</span> 
     </span>
     <span class='ocr_line' id='line_1_17' title="bbox 434 2871 1985 3094; baseline 0.001 -38"><span class='ocrx_word' id='word_1_110' title='bbox 434 2871 775 3084; x_wconf 58' lang='lat' dir='ltr'>condididbidiium</span> <span class='ocrx_word' id='word_1_111' title='bbox 792 2973 1020 3064; x_wconf 85' lang='lat' dir='ltr'>Oxoniense</span> <span class='ocrx_word' id='word_1_112' title='bbox 1037 2979 1114 3066; x_wconf 87' lang='lat' dir='ltr'>five</span> <span class='ocrx_word' id='word_1_113' title='bbox 1132 2983 1279 3093; x_wconf 85' lang='lat' dir='ltr'>sylloge</span> <span class='ocrx_word' id='word_1_114' title='bbox 1298 2979 1556 3094; x_wconf 85' lang='lat' dir='ltr'>epistolarum</span> <span class='ocrx_word' id='word_1_115' title='bbox 1572 2981 1621 3063; x_wconf 89' lang='lat' dir='ltr'>de</span> <span class='ocrx_word' id='word_1_116' title='bbox 1640 2977 1758 3064; x_wconf 79' lang='lat' dir='ltr'>retus</span> <span class='ocrx_word' id='word_1_117' title='bbox 1774 2973 1985 3062; x_wconf 83' lang='lat' dir='ltr'>Oxonien·</span> 
     </span>
    </p>
   </div>
   <div class='ocr_carea' id='block_1_9' title="bbox 432 3089 1993 3332">
    <p class='ocr_par' dir='ltr' id='par_1_11' title="bbox 432 3089 1993 3332">
     <span class='ocr_line' id='line_1_18' title="bbox 432 3089 1186 3207; baseline 0.012 -31"><span class='ocrx_word' id='word_1_118' title='bbox 432 3089 554 3199; x_wconf 64' lang='lat' dir='ltr'>sebur,</span> <span class='ocrx_word' id='word_1_119' title='bbox 573 3093 919 3203; x_wconf 75' lang='lat' dir='ltr'>quarumsremmam</span> <span class='ocrx_word' id='word_1_120' title='bbox 938 3097 1047 3207; x_wconf 65' lang='lat' dir='ltr'>affra</span> <span class='ocrx_word' id='word_1_121' title='bbox 1067 3101 1186 3185; x_wconf 84' lang='lat' dir='ltr'>babes.</span> 
     </span>
     <span class='ocr_line' id='line_1_19' title="bbox 497 3212 1993 3332; baseline 0.004 -40"><span class='ocrx_word' id='word_1_122' title='bbox 497 3239 531 3294; x_wconf 87' lang='lat'>1.</span> <span class='ocrx_word' id='word_1_123' title='bbox 561 3213 742 3325; x_wconf 87' lang='lat' dir='ltr'>Epistola</span> <span class='ocrx_word' id='word_1_124' title='bbox 769 3213 981 3298; x_wconf 88' lang='lat' dir='ltr'>academiae</span> <span class='ocrx_word' id='word_1_125' title='bbox 1009 3223 1059 3302; x_wconf 92' lang='lat' dir='ltr'>ad</span> <span class='ocrx_word' id='word_1_126' title='bbox 1079 3222 1287 3306; x_wconf 90' lang='lat' dir='ltr'>Thomam</span> <span class='ocrx_word' id='word_1_127' title='bbox 1308 3225 1463 3332; x_wconf 78' lang='lat' dir='ltr'>Kempe</span> <span class='ocrx_word' id='word_1_128' title='bbox 1491 3215 1721 3332; x_wconf 90' lang='lat' dir='ltr'>episcopum</span> <span class='ocrx_word' id='word_1_129' title='bbox 1745 3212 1993 3298; x_wconf 75' lang='lat' dir='ltr'>Londinen·</span> 
     </span>
    </p>
   </div>
   <div class='ocr_carea' id='block_1_10' title="bbox 476 3329 2140 3450">
    <p class='ocr_par' dir='ltr' id='par_1_12' title="bbox 476 3329 2140 3450">
     <span class='ocr_line' id='line_1_20' title="bbox 476 3329 2140 3450; baseline 0 -32"><span class='ocrx_word' id='word_1_130' title='bbox 476 3409 481 3418; x_wconf 92' lang='lat'>.</span> <span class='ocrx_word' id='word_1_131' title='bbox 562 3329 658 3430; x_wconf 88' lang='lat' dir='ltr'>sem,</span> <span class='ocrx_word' id='word_1_132' title='bbox 693 3332 830 3414; x_wconf 81' lang='lat' dir='ltr'>laudet</span> <span class='ocrx_word' id='word_1_133' title='bbox 859 3331 920 3416; x_wconf 88' lang='lat' dir='ltr'>illi</span> <span class='ocrx_word' id='word_1_134' title='bbox 950 3337 1111 3422; x_wconf 87' lang='lat' dir='ltr'>meritas</span> <span class='ocrx_word' id='word_1_135' title='bbox 1147 3340 1385 3436; x_wconf 79' lang='lat' dir='ltr'>attribuens,</span> <span class='ocrx_word' id='word_1_136' title='bbox 1419 3341 1530 3450; x_wconf 91' lang='lat' dir='ltr'>quod</span> <span class='ocrx_word' id='word_1_137' title='bbox 1559 3337 1727 3449; x_wconf 86' lang='lat' dir='ltr'>parietes</span> <span class='ocrx_word' id='word_1_138' title='bbox 1758 3337 1986 3420; x_wconf 88' lang='lat' dir='ltr'>scholarum</span> <span class='ocrx_word' id='word_1_139' title='bbox 2137 3369 2140 3374; x_wconf 93' lang='lat'>·</span> 
     </span>
    </p>
   </div>
   <div class='ocr_carea' id='block_1_11' title="bbox 560 3451 1984 3684">
    <p class='ocr_par' dir='ltr' id='par_1_13' title="bbox 560 3451 1984 3684">
     <span class='ocr_line' id='line_1_21' title="bbox 560 3451 1984 3570; baseline 0.005 -36"><span class='ocrx_word' id='word_1_140' title='bbox 560 3451 775 3559; x_wconf 76' lang='lat' dir='ltr'>theologia</span> <span class='ocrx_word' id='word_1_141' title='bbox 801 3451 931 3562; x_wconf 83' lang='lat' dir='ltr'>lapide</span> <span class='ocrx_word' id='word_1_142' title='bbox 949 3458 1149 3564; x_wconf 88' lang='lat' dir='ltr'>quadrato</span> <span class='ocrx_word' id='word_1_143' title='bbox 1167 3455 1398 3557; x_wconf 82' lang='lat' dir='ltr'>absolvisset,</span> <span class='ocrx_word' id='word_1_144' title='bbox 1427 3456 1568 3570; x_wconf 89' lang='lat' dir='ltr'>easque</span> <span class='ocrx_word' id='word_1_145' title='bbox 1588 3483 1709 3568; x_wconf 85' lang='lat' dir='ltr'>opere</span> <span class='ocrx_word' id='word_1_146' title='bbox 1726 3457 1857 3540; x_wconf 89' lang='lat' dir='ltr'>celato</span> <span class='ocrx_word' id='word_1_147' title='bbox 1875 3455 1984 3542; x_wconf 85' lang='lat' dir='ltr'>ostiis</span> 
     </span>
     <span class='ocr_line' id='line_1_22' title="bbox 562 3569 1147 3684; baseline 0.017 -34"><span class='ocrx_word' id='word_1_148' title='bbox 562 3589 602 3650; x_wconf 90' lang='lat' dir='ltr'>et</span> <span class='ocrx_word' id='word_1_149' title='bbox 621 3569 826 3652; x_wconf 82' lang='lat' dir='ltr'><strong>tuniculis</strong></span> <span class='ocrx_word' id='word_1_150' title='bbox 846 3571 1030 3671; x_wconf 84' lang='lat' dir='ltr'>ornasset,</span> <span class='ocrx_word' id='word_1_151' title='bbox 1052 3594 1095 3684; x_wconf 83' lang='lat' dir='ltr'>p.</span> <span class='ocrx_word' id='word_1_152' title='bbox 1113 3605 1147 3660; x_wconf 87' lang='lat' dir='ltr'>r.</span> 
     </span>
    </p>
   </div>
   <div class='ocr_carea' id='block_1_12' title="bbox 484 3689 2079 5108">
    <p class='ocr_par' dir='ltr' id='par_1_14' title="bbox 493 3689 1988 3927">
     <span class='ocr_line' id='line_1_23' title="bbox 493 3689 1988 3809; baseline 0.008 -39"><span class='ocrx_word' id='word_1_153' title='bbox 493 3713 532 3771; x_wconf 87' lang='lat'>2.</span> <span class='ocrx_word' id='word_1_154' title='bbox 548 3691 626 3788; x_wconf 53' lang='lat' dir='ltr'>,De</span> <span class='ocrx_word' id='word_1_155' title='bbox 644 3689 895 3800; x_wconf 83' lang='lat' dir='ltr'><strong>temporibus</strong></span> <span class='ocrx_word' id='word_1_156' title='bbox 913 3691 1061 3799; x_wconf 83' lang='lat' dir='ltr'>quibus</span> <span class='ocrx_word' id='word_1_157' title='bbox 1076 3695 1249 3809; x_wconf 78' lang='lat' dir='ltr'>episcopi</span> <span class='ocrx_word' id='word_1_158' title='bbox 1262 3697 1537 3784; x_wconf 82' lang='lat' dir='ltr'>Londinenses</span> <span class='ocrx_word' id='word_1_159' title='bbox 1557 3697 1800 3785; x_wconf 83' lang='lat' dir='ltr'>aRichardo</span> <span class='ocrx_word' id='word_1_160' title='bbox 1814 3697 1988 3784; x_wconf 84' lang='lat' dir='ltr'>Clifford</span> 
     </span>
     <span class='ocr_line' id='line_1_24' title="bbox 562 3814 1496 3927; baseline 0.004 -30"><span class='ocrx_word' id='word_1_161' title='bbox 562 3814 612 3898; x_wconf 92' lang='lat' dir='ltr'>ad</span> <span class='ocrx_word' id='word_1_162' title='bbox 632 3815 840 3896; x_wconf 89' lang='lat' dir='ltr'>Thomam</span> <span class='ocrx_word' id='word_1_163' title='bbox 860 3817 1016 3924; x_wconf 89' lang='lat' dir='ltr'>Kempe</span> <span class='ocrx_word' id='word_1_164' title='bbox 1037 3814 1130 3900; x_wconf 90' lang='lat' dir='ltr'><strong>sunt</strong></span> <span class='ocrx_word' id='word_1_165' title='bbox 1149 3819 1379 3915; x_wconf 85' lang='lat' dir='ltr'>consecrati,</span> <span class='ocrx_word' id='word_1_166' title='bbox 1400 3837 1440 3927; x_wconf 84' lang='lat' dir='ltr'>p.</span> <span class='ocrx_word' id='word_1_167' title='bbox 1456 3846 1496 3923; x_wconf 90' lang='lat'>4.</span> 
     </span>
    </p>

    <p class='ocr_par' dir='ltr' id='par_1_15' title="bbox 495 3933 1606 4050">
     <span class='ocr_line' id='line_1_25' title="bbox 495 3933 1606 4050; baseline 0.005 -34"><span class='ocrx_word' id='word_1_168' title='bbox 495 3959 531 4041; x_wconf 86' lang='lat'>3.</span> <span class='ocrx_word' id='word_1_169' title='bbox 562 3933 623 4016; x_wconf 88' lang='lat' dir='ltr'>of</span> <span class='ocrx_word' id='word_1_170' title='bbox 638 3935 706 4019; x_wconf 89' lang='lat' dir='ltr'>the</span> <span class='ocrx_word' id='word_1_171' title='bbox 728 3935 912 4046; x_wconf 86' lang='lat' dir='ltr'>building</span> <span class='ocrx_word' id='word_1_172' title='bbox 931 3935 979 4020; x_wconf 89' lang='lat' dir='ltr'>of</span> <span class='ocrx_word' id='word_1_173' title='bbox 995 3939 1065 4022; x_wconf 89' lang='lat' dir='ltr'>the</span> <span class='ocrx_word' id='word_1_174' title='bbox 1083 3939 1230 4050; x_wconf 80' lang='lat' dir='ltr'>library</span> <span class='ocrx_word' id='word_1_175' title='bbox 1251 3958 1293 4022; x_wconf 88' lang='lat' dir='ltr'><strong>at</strong></span> <span class='ocrx_word' id='word_1_176' title='bbox 1313 3940 1484 4036; x_wconf 86' lang='lat' dir='ltr'>Oxford,</span> <span class='ocrx_word' id='word_1_177' title='bbox 1514 3939 1606 4022; x_wconf 85' lang='lat' dir='ltr'>ibid.</span> 
     </span>
    </p>

    <p class='ocr_par' dir='ltr' id='par_1_16' title="bbox 484 4053 1988 4290">
     <span class='ocr_line' id='line_1_26' title="bbox 484 4053 1988 4170; baseline 0.003 -32"><span class='ocrx_word' id='word_1_178' title='bbox 484 4137 489 4148; x_wconf 78' lang='grc'><strong><em>,</em></strong></span> <span class='ocrx_word' id='word_1_179' title='bbox 564 4053 673 4165; x_wconf 60' lang='lat' dir='ltr'>ibose</span> <span class='ocrx_word' id='word_1_180' title='bbox 689 4075 764 4140; x_wconf 83' lang='lat' dir='ltr'>tero</span> <span class='ocrx_word' id='word_1_181' title='bbox 782 4057 848 4166; x_wconf 80' lang='lat' dir='ltr'>last</span> <span class='ocrx_word' id='word_1_182' title='bbox 861 4058 1010 4140; x_wconf 82' lang='lat' dir='ltr'>articles</span> <span class='ocrx_word' id='word_1_183' title='bbox 1027 4089 1093 4140; x_wconf 81' lang='lat' dir='ltr'>are</span> <span class='ocrx_word' id='word_1_184' title='bbox 1111 4089 1208 4142; x_wconf 76' lang='lat' dir='ltr'>mone</span> <span class='ocrx_word' id='word_1_185' title='bbox 1223 4061 1367 4146; x_wconf 82' lang='lat' dir='ltr'>modern</span> <span class='ocrx_word' id='word_1_186' title='bbox 1380 4059 1470 4144; x_wconf 83' lang='lat' dir='ltr'><strong>than</strong></span> <span class='ocrx_word' id='word_1_187' title='bbox 1488 4061 1549 4146; x_wconf 81' lang='lat' dir='ltr'>the</span> <span class='ocrx_word' id='word_1_188' title='bbox 1567 4059 1637 4170; x_wconf 84' lang='lat' dir='ltr'>rest</span> <span class='ocrx_word' id='word_1_189' title='bbox 1648 4061 1697 4170; x_wconf 89' lang='lat' dir='ltr'>of</span> <span class='ocrx_word' id='word_1_190' title='bbox 1703 4057 1764 4142; x_wconf 82' lang='lat' dir='ltr'>the</span> <span class='ocrx_word' id='word_1_191' title='bbox 1780 4058 1863 4142; x_wconf 81' lang='lat' dir='ltr'>boot</span> <span class='ocrx_word' id='word_1_192' title='bbox 1880 4057 1988 4168; x_wconf 85' lang='lat' dir='ltr'>being</span> 
     </span>
     <span class='ocr_line' id='line_1_27' title="bbox 565 4175 1428 4290; baseline 0.007 -32"><span class='ocrx_word' id='word_1_193' title='bbox 565 4175 683 4260; x_wconf 85' lang='lat' dir='ltr'><em>added</em></span> <span class='ocrx_word' id='word_1_194' title='bbox 699 4179 741 4288; x_wconf 81' lang='lat' dir='ltr'>by</span> <span class='ocrx_word' id='word_1_195' title='bbox 760 4179 929 4290; x_wconf 83' lang='lat' dir='ltr'>Jorelt&#39;ne</span> <span class='ocrx_word' id='word_1_196' title='bbox 945 4180 1024 4264; x_wconf 80' lang='lat' dir='ltr'>aad</span> <span class='ocrx_word' id='word_1_197' title='bbox 1038 4181 1247 4290; x_wconf 78' lang='lat' dir='ltr'>orchdilbop</span> <span class='ocrx_word' id='word_1_198' title='bbox 1266 4183 1428 4270; x_wconf 83' lang='lat' dir='ltr'>Perker.</span> 
     </span>
    </p>

    <p class='ocr_par' dir='ltr' id='par_1_17' title="bbox 496 4295 1988 4410">
     <span class='ocr_line' id='line_1_28' title="bbox 496 4295 1988 4410; baseline 0.001 -30"><span class='ocrx_word' id='word_1_199' title='bbox 496 4325 535 4401; x_wconf 79' lang='lat'>4.</span> <span class='ocrx_word' id='word_1_200' title='bbox 565 4299 754 4409; x_wconf 72' lang='lat' dir='ltr'>Epistola</span> <span class='ocrx_word' id='word_1_201' title='bbox 773 4303 867 4386; x_wconf 83' lang='lat' dir='ltr'>dure</span> <span class='ocrx_word' id='word_1_202' title='bbox 890 4300 1121 4390; x_wconf 76' lang='lat' dir='ltr'>brevissima</span> <span class='ocrx_word' id='word_1_203' title='bbox 1140 4301 1328 4388; x_wconf 84' lang='lat' dir='ltr'>Edwardi</span> <span class='ocrx_word' id='word_1_204' title='bbox 1347 4303 1484 4398; x_wconf 83' lang='lat' dir='ltr'>Pooie,</span> <span class='ocrx_word' id='word_1_205' title='bbox 1510 4298 1584 4410; x_wconf 81' lang='lat' dir='ltr'>qui</span> <span class='ocrx_word' id='word_1_206' title='bbox 1604 4317 1703 4382; x_wconf 91' lang='lat' dir='ltr'><strong>tunc</strong></span> <span class='ocrx_word' id='word_1_207' title='bbox 1715 4295 1766 4380; x_wconf 89' lang='lat' dir='ltr'>in</span> <span class='ocrx_word' id='word_1_208' title='bbox 1785 4297 1988 4382; x_wconf 82' lang='lat' dir='ltr'>academia</span> 
     </span>
    </p>

    <p class='ocr_par' dir='ltr' id='par_1_18' title="bbox 484 4418 2079 4776">
     <span class='ocr_line' id='line_1_29' title="bbox 484 4418 1987 4534; baseline 0.001 -34"><span class='ocrx_word' id='word_1_209' title='bbox 484 4479 490 4488; x_wconf 82' lang='lat'>.</span> <span class='ocrx_word' id='word_1_210' title='bbox 563 4419 781 4504; x_wconf 84' lang='lat' dir='ltr'>Oronienst</span> <span class='ocrx_word' id='word_1_211' title='bbox 800 4421 997 4521; x_wconf 77' lang='lat' dir='ltr'>studebat,</span> <span class='ocrx_word' id='word_1_212' title='bbox 1027 4425 1076 4504; x_wconf 86' lang='lat' dir='ltr'>ad</span> <span class='ocrx_word' id='word_1_213' title='bbox 1096 4439 1251 4534; x_wconf 88' lang='lat' dir='ltr'>patrem</span> <span class='ocrx_word' id='word_1_214' title='bbox 1271 4423 1402 4520; x_wconf 86' lang='lat' dir='ltr'>snum,</span> <span class='ocrx_word' id='word_1_215' title='bbox 1434 4423 1475 4506; x_wconf 92' lang='lat' dir='ltr'>in</span> <span class='ocrx_word' id='word_1_216' title='bbox 1502 4418 1651 4528; x_wconf 84' lang='lat' dir='ltr'>quibus</span> <span class='ocrx_word' id='word_1_217' title='bbox 1672 4419 1930 4502; x_wconf 87' lang='lat' dir='ltr'>commendat</span> <span class='ocrx_word' id='word_1_218' title='bbox 1950 4419 1987 4502; x_wconf 91' lang='lat' dir='ltr'>ei</span> 
     </span>
     <span class='ocr_line' id='line_1_30' title="bbox 565 4541 1987 4656; baseline -0.001 -30"><span class='ocrx_word' id='word_1_219' title='bbox 565 4541 732 4626; x_wconf 90' lang='lat' dir='ltr'>scribam</span> <span class='ocrx_word' id='word_1_220' title='bbox 754 4544 966 4628; x_wconf 76' lang='lat' dir='ltr'>academia</span> <span class='ocrx_word' id='word_1_221' title='bbox 985 4544 1052 4628; x_wconf 90' lang='lat' dir='ltr'>cui</span> <span class='ocrx_word' id='word_1_222' title='bbox 1071 4545 1143 4628; x_wconf 84' lang='lat' dir='ltr'>has</span> <span class='ocrx_word' id='word_1_223' title='bbox 1163 4545 1294 4628; x_wconf 83' lang='lat' dir='ltr'>literas</span> <span class='ocrx_word' id='word_1_224' title='bbox 1317 4545 1572 4656; x_wconf 80' lang='lat' dir='ltr'>perferendae</span> <span class='ocrx_word' id='word_1_225' title='bbox 1590 4542 1753 4627; x_wconf 87' lang='lat' dir='ltr'>dederat</span> <span class='ocrx_word' id='word_1_226' title='bbox 1769 4559 1809 4624; x_wconf 89' lang='lat' dir='ltr'>et</span> <span class='ocrx_word' id='word_1_227' title='bbox 1827 4558 1987 4624; x_wconf 84' lang='lat' dir='ltr'>enarrat</span> 
     </span>
     <span class='ocr_line' id='line_1_31' title="bbox 566 4663 2079 4776; baseline 0.003 -32"><span class='ocrx_word' id='word_1_228' title='bbox 566 4685 720 4773; x_wconf 89' lang='lat' dir='ltr'>quanta</span> <span class='ocrx_word' id='word_1_229' title='bbox 740 4663 794 4746; x_wconf 84' lang='lat' dir='ltr'>est</span> <span class='ocrx_word' id='word_1_230' title='bbox 813 4665 897 4770; x_wconf 85' lang='lat' dir='ltr'>ejus</span> <span class='ocrx_word' id='word_1_231' title='bbox 918 4663 961 4746; x_wconf 90' lang='lat' dir='ltr'>in</span> <span class='ocrx_word' id='word_1_232' title='bbox 982 4665 1184 4748; x_wconf 87' lang='lat' dir='ltr'>academia</span> <span class='ocrx_word' id='word_1_233' title='bbox 1203 4665 1441 4776; x_wconf 63' lang='lat' dir='ltr'>expediatio,</span> <span class='ocrx_word' id='word_1_234' title='bbox 1467 4683 1508 4774; x_wconf 88' lang='lat' dir='ltr'>p.</span> <span class='ocrx_word' id='word_1_235' title='bbox 1524 4691 1560 4772; x_wconf 83' lang='lat'>5.</span> <span class='ocrx_word' id='word_1_236' title='bbox 2077 4723 2079 4728; x_wconf 79' lang='lat'><em>.</em></span> 
     </span>
    </p>

    <p class='ocr_par' dir='ltr' id='par_1_19' title="bbox 486 4779 1997 5016">
     <span class='ocr_line' id='line_1_32' title="bbox 486 4779 1990 4898; baseline -0.001 -32"><span class='ocrx_word' id='word_1_237' title='bbox 486 4784 743 4893; x_wconf 77' lang='lat' dir='ltr'>.5..Epistosa</span> <span class='ocrx_word' id='word_1_238' title='bbox 775 4785 948 4898; x_wconf 82' lang='lat' dir='ltr'>episcopi</span> <span class='ocrx_word' id='word_1_239' title='bbox 978 4785 1270 4872; x_wconf 72' lang='lat' dir='ltr'>sarisburiensis</span> <span class='ocrx_word' id='word_1_240' title='bbox 1304 4789 1354 4870; x_wconf 89' lang='lat' dir='ltr'>ad</span> <span class='ocrx_word' id='word_1_241' title='bbox 1385 4783 1629 4870; x_wconf 87' lang='lat' dir='ltr'>academiam</span> <span class='ocrx_word' id='word_1_242' title='bbox 1661 4785 1795 4864; x_wconf 87' lang='lat' dir='ltr'>Oxon.</span> <span class='ocrx_word' id='word_1_243' title='bbox 1830 4779 1873 4864; x_wconf 92' lang='lat' dir='ltr'>in</span> <span class='ocrx_word' id='word_1_244' title='bbox 1907 4809 1990 4890; x_wconf 91' lang='lat' dir='ltr'>qua</span> 
     </span>
     <span class='ocr_line' id='line_1_33' title="bbox 567 4901 1997 5016; baseline -0.008 -30"><span class='ocrx_word' id='word_1_245' title='bbox 567 4911 795 5013; x_wconf 84' lang='lat' dir='ltr'><strong>gratulatur</strong></span> <span class='ocrx_word' id='word_1_246' title='bbox 823 4906 878 4990; x_wconf 90' lang='lat' dir='ltr'>eis</span> <span class='ocrx_word' id='word_1_247' title='bbox 908 4910 1019 5016; x_wconf 90' lang='lat' dir='ltr'>quod</span> <span class='ocrx_word' id='word_1_248' title='bbox 1050 4904 1288 5016; x_wconf 85' lang='lat' dir='ltr'>petitionem</span> <span class='ocrx_word' id='word_1_249' title='bbox 1318 4909 1428 4990; x_wconf 90' lang='lat' dir='ltr'>suam</span> <span class='ocrx_word' id='word_1_250' title='bbox 1457 4903 1543 5012; x_wconf 84' lang='lat' dir='ltr'>ejus</span> <span class='ocrx_word' id='word_1_251' title='bbox 1573 4901 1848 5010; x_wconf 81' lang='lat' dir='ltr'>consilio-jam</span> <span class='ocrx_word' id='word_1_252' title='bbox 1869 4901 1997 4985; x_wconf 23' lang='lat' dir='ltr'>essenti</span> 
     </span>
    </p>

    <p class='ocr_par' dir='ltr' id='par_1_20' title="bbox 1891 5051 1992 5108">
     <span class='ocr_line' id='line_1_34' title="bbox 1891 5051 1992 5108; baseline 0.03 -3"><span class='ocrx_word' id='word_1_253' title='bbox 1891 5051 1992 5108; x_wconf 89' lang='lat' dir='ltr'>con-</span> 
     </span>
    </p>
   </div>
   <div class='ocr_carea' id='block_1_13' title="bbox 497 5281 1480 5466">
    <p class='ocr_par' dir='ltr' id='par_1_21' title="bbox 497 5281 1480 5466">
     <span class='ocr_line' id='line_1_35' title="bbox 498 5281 1466 5368; baseline 0 -18"><span class='ocrx_word' id='word_1_254' title='bbox 498 5281 916 5364; x_wconf 77' lang='lat' dir='ltr'>CCCCXX11.]Ver.Car.</span> <span class='ocrx_word' id='word_1_255' title='bbox 934 5283 966 5348; x_wconf 82' lang='lat' dir='ltr'>S.</span> <span class='ocrx_word' id='word_1_256' title='bbox 987 5287 1035 5349; x_wconf 81' lang='lat'>16.</span> <span class='ocrx_word' id='word_1_257' title='bbox 1053 5285 1150 5350; x_wconf 85' lang='lat' dir='ltr'><em>MSS.</em></span> <span class='ocrx_word' id='word_1_258' title='bbox 1168 5283 1253 5365; x_wconf 76' lang='lat' dir='ltr'>Aegi.</span> <span class='ocrx_word' id='word_1_259' title='bbox 1274 5281 1466 5368; x_wconf 80' lang='lat'>1552··285.</span> 
     </span>
     <span class='ocr_line' id='line_1_36' title="bbox 497 5379 1480 5466; baseline -0.005 -18"><span class='ocrx_word' id='word_1_260' title='bbox 497 5379 766 5464; x_wconf 81' lang='lat' dir='ltr'>ccccxx111.]</span> <span class='ocrx_word' id='word_1_261' title='bbox 784 5382 847 5450; x_wconf 80' lang='lat' dir='ltr'>Ver.</span> <span class='ocrx_word' id='word_1_262' title='bbox 865 5383 932 5448; x_wconf 85' lang='lat' dir='ltr'>Cot.</span> <span class='ocrx_word' id='word_1_263' title='bbox 949 5383 1008 5447; x_wconf 93' lang='lat' dir='ltr'>W.</span> <span class='ocrx_word' id='word_1_264' title='bbox 1026 5403 1057 5466; x_wconf 87' lang='lat'>4.</span> <span class='ocrx_word' id='word_1_265' title='bbox 1074 5379 1170 5447; x_wconf 84' lang='lat' dir='ltr'><em>MSS.</em></span> <span class='ocrx_word' id='word_1_266' title='bbox 1183 5379 1268 5460; x_wconf 77' lang='lat' dir='ltr'>Aegl.</span> <span class='ocrx_word' id='word_1_267' title='bbox 1290 5379 1480 5466; x_wconf 84' lang='lat'>1568-·301.</span> 
     </span>
    </p>
   </div>
   <div class='ocr_carea' id='block_1_14' title="bbox 0 0 2519 6260">
    <p class='ocr_par' dir='ltr' id='par_1_22' title="bbox 0 0 2519 6260">
     <span class='ocr_line' id='line_1_37' title="bbox 0 0 2519 6260; baseline 0 0"><span class='ocrx_word' id='word_1_268' title='bbox 0 0 2519 6260; x_wconf 95' lang='lat' dir='ltr'> </span> 
     </span>
    </p>
   </div>
  </div>
 </body>
</html>
