5054 6256
478 691 569 842 228
633 861 634 864 Ν
1180 745 1354 844 CLVI.

559 897 623 1016 21.
654 927 869 1042 Responfio
897 931 1067 1046 episcopi
1087 933 1275 1031 Lincoln,
1305 935 1349 1020 in
1377 959 1459 1046 qua
1480 899 1624 1046 probat
1642 937 1763 1021 talem
1783 937 2047 1050 provisionem

655 1051 726 1134 else
746 1071 885 1136 contra
903 1061 1153 1140 voluntatem
1173 1073 1214 1139 et
1231 1059 1389 1140 cultum
1408 1057 1498 1155 Dei,
1521 1057 1688 1169 ideoque
1706 1079 1826 1171 negat
1836 1063 1873 1144 se
1891 1062 2047 1148 eonces-

657 1175 807 1258 surum.

561 1323 627 1380 22.
657 1297 886 1409 Disputatio
906 1299 1011 1382 inter
1029 1301 1216 1404 elerieum
1238 1317 1279 1382 et
1297 1297 1467 1383 militem
1485 1299 1601 1411 super
1624 1303 1817 1413 potestate
1843 1302 2047 1388 commissa
2192 1373 2197 1382 .

656 1419 815 1529 prelatis
836 1419 1093 1504 ecelesiasticis
1114 1439 1235 1532 atque
1253 1420 1500 1532 principibus
1519 1439 1730 1508 terrarum.

563 1569 585 1624 2
590 1571 626 1654 3.
658 1541 875 1624 Tradlatus
887 1541 1011 1623 totius
1028 1542 1161 1624 bibliae
1173 1542 1447 1654 expositorius,
1461 1545 1735 1656 compendiose
1749 1547 1877 1628 editus
1895 1574 1918 1628 a
1936 1551 2049 1656 Mag.

659 1667 777 1745 Petro
797 1663 845 1744 de
859 1663 1041 1744 Aureolis
1061 1663 1182 1747 fratre
1199 1663 1355 1747 minore
1375 1683 1415 1748 et
1434 1664 1596 1749 dodiore
1610 1667 1726 1752 sacrae
1747 1665 1956 1778 theologiae
1972 1673 2048 1750 Pa-

659 1783 817 1868 ristensr.

559 1933 625 2014 24.
653 1905 829 1989 Lexicon
844 1906 1052 2008 Latinum,
1071 1909 1329 2022 imperfislum.

1160 2104 1410 2222 CLVII.

559 2267 674 2350 Codex
691 2267 971 2351 membranaceus
988 2271 1029 2350 in
1047 2287 1187 2382 quarto,
1194 2270 1311 2380 ficulo
1330 2297 1383 2352 xv
1389 2271 1566 2382 scriptus,
1586 2271 1626 2352 in
1644 2299 1709 2381 quo
1725 2273 1968 2367 continentur.

568 2419 602 2470 1.
632 2387 809 2470 Libellus
826 2389 940 2500 super
958 2418 1071 2502 papae
1092 2419 1137 2472 ac
1150 2388 1306 2502 imperii
1320 2392 1524 2502 potestate,
1545 2393 1760 2501 aquodam
1773 2392 2051 2475 Valentilsrmo

627 2509 726 2619 juris
746 2511 951 2621 utriusque
969 2512 1145 2608 dodiom,
1175 2512 1247 2622 qui
1265 2511 1505 2597 humilitatis
1524 2513 1640 2596 causa
1656 2542 1808 2598 nomeu
1826 2515 1943 2598 suum
1962 2540 2049 2598 non

525 2719 528 2728 Δ
629 2632 807 2742 expreffit
826 2633 1024 2736 scolastico
1044 2661 1167 2732 more,
1186 2640 1238 2716 A.
1260 2638 1314 2716 D.
1341 2662 1457 2742 1442.

560 2781 597 2836 2.
627 2752 843 2864 Responsio
859 2753 965 2838 sabla
982 2785 1052 2866 per
1063 2753 1422 2839 reverendissimum
1441 2773 1596 2868 patrem
1617 2773 1656 2839 et
1673 2757 1900 2856 dominum,
1918 2755 2051 2840 domi·

628 2902 729 2978 num
750 2875 971 2960 Iohannem
986 2879 1034 2959 de
1045 2885 1384 2975 Turre-cremata,
1403 2877 1513 2962 tituli
1532 2884 1570 2962 S.
1584 2879 1683 2961 Sixti
1693 2879 1950 2989 presbiterum
1964 2904 2051 2962 car-

628 2996 803 3078 dinalem
823 2999 871 3078 ad
890 2997 1082 3108 quosdam
1101 3027 1249 3084 errores
1271 2999 1552 3096 Bafiliensrum,
1572 3007 1623 3080 A.
1645 3003 1698 3080 D.
1725 3029 1840 3108 1439.

561 3149 598 3230 3.
629 3117 845 3201 Trastatus
868 3120 1060 3203 Iohannis
1077 3119 1300 3204 Francisci
1290 3149 1334 3203 m
1349 3120 1499 3232 oppido
1513 3119 1823 3228 Norinbergensr
1844 3118 2047 3204 absolutus

626 3241 726 3323 dum
744 3239 952 3351 legationis
970 3242 1103 3324 officio
1122 3243 1369 3350 fungeretur,
1388 3241 1503 3370 super
1517 3239 1673 3323 diversis
1689 3237 1963 3350 questionibus
1982 3239 2049 3321 seu

629 3361 999 3472 ambiguitatibus
989 3381 1093 3446 mter
1126 3349 1409 3448 sandtislimum
1438 3361 1653 3474 domipum
1682 3361 1865 3479 nostrum
1900 3388 2048 3472 papam

630 3484 861 3591 Eugenium
874 3489 945 3568 IV
958 3502 998 3567 et
1015 3485 1233 3568 concilium
1252 3483 1454 3568 Basrliense
1475 3490 1526 3568 A.
1540 3486 1594 3568 D.
1615 3511 1738 3592 14392
1768 3510 1852 3564 una
1869 3509 1964 3564 cum
1984 3509 2046 3564 re·

629 3604 833 3742 sponsione
862 3605 1130 3691 Basiliensrum
1157 3622 1297 3690 contm
1323 3608 1526 3699 decretum
1543 3605 1702 3766 Moyses
1729 3603 1956 3687 fertilissimi
1973 3604 2047 3684 do-

391 3821 393 3830 !
543 3779 555 3797 ·
631 3724 733 3806 mini
752 3727 924 3836 Eugenii
943 3728 1123 3840 predicti.
1278 3739 1282 3750 '

561 3875 613 3950 4
631 3847 845 3958 Responsro
866 3855 917 3932 R.
929 3853 974 3934 P.
988 3857 1026 3934 de
1042 3855 1096 3948 D,
1122 3849 1276 3934 domini
1295 3849 1562 3934 cardinalisS.
1580 3845 1694 3946 Sixti,
1706 3845 1808 3930 alias
1825 3790 1882 3928 ile
1892 3851 2042 3929 Tur-re

631 3986 804 4051 cremata
822 3971 1037 4077 vulgariter
1051 3971 1293 4084 nuncupati,
1321 3971 1519 4056 invedbva
1536 3970 1585 4052 ad
1604 3971 1806 4052 decretum
1833 3966 2045 4085 justissimae

631 4089 928 4202 dampnationis
950 4093 1231 4176 Basiliensrum.
1351 4114 1356 4122 '

566 4237 604 4320 5.
634 4212 743 4293 Idem
760 4213 808 4294 de
824 4214 1016 4322 potestate
1035 4241 1149 4326 papae
1168 4233 1211 4296 et
1224 4213 1383 4300 concilii
1398 4211 1616 4325 generalis.-

960 4395 976 4416 ’
1137 4417 1417 4534 CLVIII.

562 4577 675 4662 Codex
691 4576 970 4660 membranaceus
983 4579 1024 4659 in
1034 4601 1173 4689 quarto,
1191 4580 1391 4687 nitidifflmo
1414 4580 1803 4690 charasserescriptus,
1826 4575 1945 4656 literis
1967 4572 2046 4654 ini-

507 4702 655 4786 tialibus
680 4701 833 4812 cujusvis
849 4699 942 4781 libri
969 4732 1058 4784 auro
1081 4722 1117 4784 et
1132 4703 1279 4810 diverfis
1296 4701 1463 4784 coloribus
1471 4700 1740 4812 splendidrffime
1755 4695 1980 4790 illuminatis,
2008 4709 2051 4814 εἰ,

505 4821 709 4906 initialibus
712 4823 934 4932 fingulorum
950 4825 1108 4933 capitum
1124 4825 1320 4922 deauratis,
1340 4821 1643 4934 quondamſsſsdes
1655 4819 1816 4932 Jocelino
1829 4813 2044 4912 adhibenda,
2144 4835 2154 4866 ⁸

1865 4937 2045 5048 peculium

565 5233 798 5315 CLVIIJVer.
818 5235 882 5299 Can
900 5235 943 5300 H
964 5255 1013 5302 ιι.
1030 5231 1126 5301 MSS
1143 5233 1227 5314 Aeg!
1248 5236 1362 5319 1613·-
1346 5159 1439 5320 1-436

566 5315 720 5384 CLVIII.
724 5317 817 5400 JVet.
835 5321 901 5386 Cat.
918 5319 964 5390 0.
983 5320 1034 5388 28
1047 5318 1200 5388 Mser
1161 5317 1246 5406 Aegl.
1262 5319 1362 5406 1498·
1366 5336 1456 5404 ·.231
