<?xml version="1.0" encoding="UTF-8"?>
<!DOCTYPE html PUBLIC "-//W3C//DTD XHTML 1.0 Transitional//EN"
    "http://www.w3.org/TR/xhtml1/DTD/xhtml1-transitional.dtd">
<html xmlns="http://www.w3.org/1999/xhtml" xml:lang="en" lang="en">
 <head>
  <title>
</title>
<meta http-equiv="Content-Type" content="text/html;charset=utf-8" />
  <meta name='ocr-system' content='tesseract 3.04.00' />
  <meta name='ocr-capabilities' content='ocr_page ocr_carea ocr_par ocr_line ocrx_word'/>
</head>
<body>
  <div class='ocr_page' id='page_1' title='image "./cataloguslibror00nasmgoog_0382.png"; bbox 0 0 5058 6274; ppageno 0'>
   <div class='ocr_carea' id='block_1_1' title="bbox 1085 752 2030 908">
    <p class='ocr_par' dir='ltr' id='par_1_1' title="bbox 1085 752 2030 908">
     <span class='ocr_line' id='line_1_1' title="bbox 1085 752 2030 908; baseline 0.007 -38"><span class='ocrx_word' id='word_1_1' title='bbox 1085 752 1372 874; x_wconf 86' lang='lat' dir='ltr'><strong>CCCLXX.</strong></span> <span class='ocrx_word' id='word_1_2' title='bbox 1933 783 2030 908; x_wconf 85' lang='lat'>367</span> 
     </span>
    </p>
   </div>
   <div class='ocr_carea' id='block_1_2' title="bbox 467 959 2117 2910">
    <p class='ocr_par' dir='ltr' id='par_1_2' title="bbox 467 959 2035 1198">
     <span class='ocr_line' id='line_1_2' title="bbox 467 959 2035 1078; baseline 0.002 -27"><span class='ocrx_word' id='word_1_3' title='bbox 467 1057 469 1060; x_wconf 69' lang='grc'>,</span> <span class='ocrx_word' id='word_1_4' title='bbox 543 997 580 1052; x_wconf 86' lang='lat'>2.</span> <span class='ocrx_word' id='word_1_5' title='bbox 610 963 788 1078; x_wconf 86' lang='lat' dir='ltr'>Epistola</span> <span class='ocrx_word' id='word_1_6' title='bbox 814 960 1031 1048; x_wconf 78' lang='lat' dir='ltr'>Alexandri</span> <span class='ocrx_word' id='word_1_7' title='bbox 1063 961 1165 1071; x_wconf 86' lang='lat' dir='ltr'>regis</span> <span class='ocrx_word' id='word_1_8' title='bbox 1194 959 1332 1072; x_wconf 83' lang='lat' dir='ltr'>magni</span> <span class='ocrx_word' id='word_1_9' title='bbox 1360 961 1646 1062; x_wconf 75' lang='lat' dir='ltr'>Macedonum,</span> <span class='ocrx_word' id='word_1_10' title='bbox 1682 984 1807 1076; x_wconf 88' lang='lat' dir='ltr'>quam</span> <span class='ocrx_word' id='word_1_11' title='bbox 1841 965 1892 1050; x_wconf 89' lang='lat' dir='ltr'>ab</span> <span class='ocrx_word' id='word_1_12' title='bbox 1921 969 2035 1056; x_wconf 80' lang='lat' dir='ltr'><strong>India</strong></span> 
     </span>
     <span class='ocr_line' id='line_1_3' title="bbox 609 1081 1240 1198; baseline -0.003 -28"><span class='ocrx_word' id='word_1_13' title='bbox 609 1087 799 1198; x_wconf 87' lang='lat' dir='ltr'>magistro</span> <span class='ocrx_word' id='word_1_14' title='bbox 817 1083 888 1168; x_wconf 91' lang='lat' dir='ltr'>suo</span> <span class='ocrx_word' id='word_1_15' title='bbox 900 1085 1103 1170; x_wconf 86' lang='lat' dir='ltr'>Aristoteli</span> <span class='ocrx_word' id='word_1_16' title='bbox 1121 1081 1240 1168; x_wconf 81' lang='lat' dir='ltr'>misrt.</span> 
     </span>
    </p>

    <p class='ocr_par' dir='ltr' id='par_1_3' title="bbox 542 1205 1920 1324">
     <span class='ocr_line' id='line_1_4' title="bbox 542 1205 1920 1324; baseline 0 -30"><span class='ocrx_word' id='word_1_17' title='bbox 542 1243 582 1324; x_wconf 83' lang='lat'>3.</span> <span class='ocrx_word' id='word_1_18' title='bbox 611 1207 799 1322; x_wconf 79' lang='lat' dir='ltr'>Epistolae</span> <span class='ocrx_word' id='word_1_19' title='bbox 819 1209 925 1292; x_wconf 86' lang='lat' dir='ltr'>inter</span> <span class='ocrx_word' id='word_1_20' title='bbox 940 1208 1216 1292; x_wconf 87' lang='lat' dir='ltr'>Alexandrum</span> <span class='ocrx_word' id='word_1_21' title='bbox 1236 1229 1431 1316; x_wconf 83' lang='lat' dir='ltr'>magnum</span> <span class='ocrx_word' id='word_1_22' title='bbox 1450 1223 1491 1290; x_wconf 85' lang='lat' dir='ltr'>ec</span> <span class='ocrx_word' id='word_1_23' title='bbox 1509 1205 1753 1292; x_wconf 82' lang='lat' dir='ltr'>Dindirnum</span> <span class='ocrx_word' id='word_1_24' title='bbox 1772 1231 1920 1320; x_wconf 87' lang='lat' dir='ltr'>regem.</span> 
     </span>
    </p>

    <p class='ocr_par' dir='ltr' id='par_1_4' title="bbox 539 1325 1858 1442">
     <span class='ocr_line' id='line_1_5' title="bbox 539 1325 1858 1442; baseline -0.002 -26"><span class='ocrx_word' id='word_1_25' title='bbox 539 1364 580 1442; x_wconf 91' lang='lat'>4.</span> <span class='ocrx_word' id='word_1_26' title='bbox 610 1333 732 1416; x_wconf 82' lang='lat' dir='ltr'>Gesta</span> <span class='ocrx_word' id='word_1_27' title='bbox 751 1331 969 1416; x_wconf 83' lang='lat' dir='ltr'>Alexandri</span> <span class='ocrx_word' id='word_1_28' title='bbox 988 1329 1127 1440; x_wconf 82' lang='lat' dir='ltr'>magni</span> <span class='ocrx_word' id='word_1_29' title='bbox 1146 1328 1396 1440; x_wconf 85' lang='lat' dir='ltr'>imperatoris</span> <span class='ocrx_word' id='word_1_30' title='bbox 1417 1347 1458 1412; x_wconf 89' lang='lat' dir='ltr'>et</span> <span class='ocrx_word' id='word_1_31' title='bbox 1474 1329 1575 1439; x_wconf 84' lang='lat' dir='ltr'>regis</span> <span class='ocrx_word' id='word_1_32' title='bbox 1596 1325 1858 1416; x_wconf 75' lang='lat' dir='ltr'>Mace&#39;doniae.</span> 
     </span>
    </p>

    <p class='ocr_par' dir='ltr' id='par_1_5' title="bbox 541 1448 2033 1920">
     <span class='ocr_line' id='line_1_6' title="bbox 541 1448 2033 1567; baseline -0.001 -28"><span class='ocrx_word' id='word_1_33' title='bbox 541 1483 581 1567; x_wconf 84' lang='lat'>5.</span> <span class='ocrx_word' id='word_1_34' title='bbox 611 1453 886 1562; x_wconf 73' lang='lat' dir='ltr'>lnjunstiones</span> <span class='ocrx_word' id='word_1_35' title='bbox 918 1453 1022 1536; x_wconf 81' lang='lat' dir='ltr'>datae</span> <span class='ocrx_word' id='word_1_36' title='bbox 1051 1448 1176 1564; x_wconf 90' lang='lat' dir='ltr'>priori</span> <span class='ocrx_word' id='word_1_37' title='bbox 1200 1469 1241 1536; x_wconf 83' lang='lat' dir='ltr'>et</span> <span class='ocrx_word' id='word_1_38' title='bbox 1264 1451 1443 1563; x_wconf 87' lang='lat' dir='ltr'>capitulo</span> <span class='ocrx_word' id='word_1_39' title='bbox 1472 1451 1637 1536; x_wconf 84' lang='lat' dir='ltr'>ecclefiae</span> <span class='ocrx_word' id='word_1_40' title='bbox 1668 1453 1931 1538; x_wconf 83' lang='lat' dir='ltr'>Norwicensrs</span> <span class='ocrx_word' id='word_1_41' title='bbox 1990 1481 2033 1540; x_wconf 89' lang='lat' dir='ltr'>er</span> 
     </span>
     <span class='ocr_line' id='line_1_7' title="bbox 607 1483 2032 1688; baseline 0.001 -28"><span class='ocrx_word' id='word_1_42' title='bbox 607 1575 1108 1688; x_wconf 84' lang='lat' dir='ltr'>Willelmum[Bateman]</span> <span class='ocrx_word' id='word_1_43' title='bbox 1122 1575 1348 1686; x_wconf 86' lang='lat' dir='ltr'>episcopum</span> <span class='ocrx_word' id='word_1_44' title='bbox 1358 1573 1650 1658; x_wconf 85' lang='lat' dir='ltr'>Norwicensem</span> <span class='ocrx_word' id='word_1_45' title='bbox 1665 1483 2032 1662; x_wconf 76' lang='lat' dir='ltr'>invifitationeiria.</span> 
     </span>
     <span class='ocr_line' id='line_1_8' title="bbox 607 1697 2030 1814; baseline 0 -30"><span class='ocrx_word' id='word_1_46' title='bbox 607 1702 689 1784; x_wconf 89' lang='lat' dir='ltr'>Hic</span> <span class='ocrx_word' id='word_1_47' title='bbox 714 1699 978 1812; x_wconf 84' lang='lat' dir='ltr'>interseruntur</span> <span class='ocrx_word' id='word_1_48' title='bbox 999 1697 1071 1804; x_wconf 21' lang='lat' dir='ltr'>&#39;duo</span> <span class='ocrx_word' id='word_1_49' title='bbox 1084 1697 1188 1808; x_wconf 68' lang='lat' dir='ltr'>filia</span> <span class='ocrx_word' id='word_1_50' title='bbox 1205 1697 1398 1782; x_wconf 81' lang='lat' dir='ltr'>chartacea</span> <span class='ocrx_word' id='word_1_51' title='bbox 1410 1697 1528 1809; x_wconf 86' lang='lat' dir='ltr'>seculo</span> <span class='ocrx_word' id='word_1_52' title='bbox 1545 1699 1616 1780; x_wconf 85' lang='lat' dir='ltr'>xvi</span> <span class='ocrx_word' id='word_1_53' title='bbox 1626 1701 1775 1812; x_wconf 83' lang='lat' dir='ltr'>scripta</span> <span class='ocrx_word' id='word_1_54' title='bbox 1800 1699 1925 1814; x_wconf 84' lang='lat' dir='ltr'>quibus</span> <span class='ocrx_word' id='word_1_55' title='bbox 1947 1731 2030 1784; x_wconf 89' lang='lat' dir='ltr'>con·</span> 
     </span>
     <span class='ocr_line' id='line_1_9' title="bbox 604 1825 758 1920; baseline -0.006 -14"><span class='ocrx_word' id='word_1_56' title='bbox 604 1825 758 1920; x_wconf 78' lang='lat' dir='ltr'>tinctor,</span> 
     </span>
    </p>

    <p class='ocr_par' dir='ltr' id='par_1_6' title="bbox 540 1934 2032 2302">
     <span class='ocr_line' id='line_1_10' title="bbox 540 1934 2030 2056; baseline 0 -28"><span class='ocrx_word' id='word_1_57' title='bbox 540 1949 578 2028; x_wconf 91' lang='lat'>6.</span> <span class='ocrx_word' id='word_1_58' title='bbox 609 1949 674 2028; x_wconf 83' lang='lat' dir='ltr'>De</span> <span class='ocrx_word' id='word_1_59' title='bbox 697 1941 900 2028; x_wconf 87' lang='lat' dir='ltr'>calumnia</span> <span class='ocrx_word' id='word_1_60' title='bbox 926 1958 966 2025; x_wconf 89' lang='lat' dir='ltr'>et</span> <span class='ocrx_word' id='word_1_61' title='bbox 994 1940 1151 2050; x_wconf 81' lang='lat' dir='ltr'>injuriis</span> <span class='ocrx_word' id='word_1_62' title='bbox 1180 1964 1251 2053; x_wconf 87' lang='lat' dir='ltr'>per</span> <span class='ocrx_word' id='word_1_63' title='bbox 1269 1943 1440 2024; x_wconf 85' lang='lat' dir='ltr'>eundem</span> <span class='ocrx_word' id='word_1_64' title='bbox 1459 1941 1688 2056; x_wconf 87' lang='lat' dir='ltr'>episcopum</span> <span class='ocrx_word' id='word_1_65' title='bbox 1716 1934 1760 2028; x_wconf 89' lang='lat' dir='ltr'>in</span> <span class='ocrx_word' id='word_1_66' title='bbox 1790 1941 2030 2028; x_wconf 81' lang='lat' dir='ltr'>monasterio</span> 
     </span>
     <span class='ocr_line' id='line_1_11' title="bbox 609 2063 2032 2177; baseline 0.001 -27"><span class='ocrx_word' id='word_1_67' title='bbox 609 2063 866 2151; x_wconf 89' lang='lat' dir='ltr'>S.Edmundi</span> <span class='ocrx_word' id='word_1_68' title='bbox 895 2064 1031 2163; x_wconf 87' lang='lat' dir='ltr'>illatis,</span> <span class='ocrx_word' id='word_1_69' title='bbox 1059 2079 1101 2147; x_wconf 84' lang='lat' dir='ltr'>et</span> <span class='ocrx_word' id='word_1_70' title='bbox 1126 2079 1198 2177; x_wconf 84' lang='lat' dir='ltr'>per</span> <span class='ocrx_word' id='word_1_71' title='bbox 1224 2064 1368 2146; x_wconf 85' lang='lat' dir='ltr'>merita</span> <span class='ocrx_word' id='word_1_72' title='bbox 1386 2066 1644 2150; x_wconf 85' lang='lat' dir='ltr'>S.Edmundi</span> <span class='ocrx_word' id='word_1_73' title='bbox 1663 2065 1803 2165; x_wconf 86' lang='lat' dir='ltr'>finitis,</span> <span class='ocrx_word' id='word_1_74' title='bbox 1832 2091 2032 2156; x_wconf 87' lang='lat' dir='ltr'>unacum</span> 
     </span>
     <span class='ocr_line' id='line_1_12' title="bbox 605 2185 1763 2302; baseline 0 -29"><span class='ocrx_word' id='word_1_75' title='bbox 605 2187 905 2302; x_wconf 82' lang='lat' dir='ltr'>gravaminibus</span> <span class='ocrx_word' id='word_1_76' title='bbox 926 2185 1099 2295; x_wconf 86' lang='lat' dir='ltr'>ejusdem</span> <span class='ocrx_word' id='word_1_77' title='bbox 1119 2185 1360 2285; x_wconf 86' lang='lat' dir='ltr'>monasterii,</span> <span class='ocrx_word' id='word_1_78' title='bbox 1380 2213 1428 2270; x_wconf 91' lang='lat' dir='ltr'>ex</span> <span class='ocrx_word' id='word_1_79' title='bbox 1448 2185 1611 2271; x_wconf 86' lang='lat' dir='ltr'>historia</span> <span class='ocrx_word' id='word_1_80' title='bbox 1631 2215 1763 2273; x_wconf 87' lang='lat' dir='ltr'>aurea.</span> 
     </span>
    </p>

    <p class='ocr_par' dir='ltr' id='par_1_7' title="bbox 1038 2312 1478 2364">
     <span class='ocr_line' id='line_1_13' title="bbox 1038 2312 1478 2364; baseline 0 0"><span class='ocrx_word' id='word_1_81' title='bbox 1038 2313 1062 2364; x_wconf 72' lang='lat' dir='ltr'>s</span> <span class='ocrx_word' id='word_1_82' title='bbox 1120 2313 1146 2364; x_wconf 73' lang='lat' dir='ltr'>e</span> <span class='ocrx_word' id='word_1_83' title='bbox 1204 2313 1229 2364; x_wconf 75' lang='lat' dir='ltr'>x</span> <span class='ocrx_word' id='word_1_84' title='bbox 1287 2312 1312 2364; x_wconf 72' lang='lat' dir='ltr'>x</span> <span class='ocrx_word' id='word_1_85' title='bbox 1369 2313 1395 2364; x_wconf 71' lang='lat' dir='ltr'>u</span> <span class='ocrx_word' id='word_1_86' title='bbox 1452 2313 1478 2364; x_wconf 72' lang='lat' dir='ltr'>s</span> 
     </span>
    </p>

    <p class='ocr_par' dir='ltr' id='par_1_8' title="bbox 538 2429 2117 2664">
     <span class='ocr_line' id='line_1_14' title="bbox 538 2429 2117 2546; baseline 0.003 -30"><span class='ocrx_word' id='word_1_87' title='bbox 538 2463 579 2546; x_wconf 92' lang='lat'>7.</span> <span class='ocrx_word' id='word_1_88' title='bbox 608 2431 865 2516; x_wconf 87' lang='lat' dir='ltr'>Itinerarium</span> <span class='ocrx_word' id='word_1_89' title='bbox 880 2429 1085 2538; x_wconf 87' lang='lat' dir='ltr'>cujusdem</span> <span class='ocrx_word' id='word_1_90' title='bbox 1101 2431 1263 2544; x_wconf 84' lang='lat' dir='ltr'>Anglici</span> <span class='ocrx_word' id='word_1_91' title='bbox 1280 2447 1428 2516; x_wconf 86' lang='lat' dir='ltr'>terram</span> <span class='ocrx_word' id='word_1_92' title='bbox 1443 2431 1619 2516; x_wconf 70' lang='lat' dir='ltr'>sannam</span> <span class='ocrx_word' id='word_1_93' title='bbox 1639 2451 1680 2516; x_wconf 88' lang='lat' dir='ltr'>et</span> <span class='ocrx_word' id='word_1_94' title='bbox 1697 2433 1776 2518; x_wconf 88' lang='lat' dir='ltr'>alia</span> <span class='ocrx_word' id='word_1_95' title='bbox 1792 2436 1880 2518; x_wconf 88' lang='lat' dir='ltr'>loca</span> <span class='ocrx_word' id='word_1_96' title='bbox 1898 2431 2045 2520; x_wconf 68' lang='lat' dir='ltr'>sandia·</span> <span class='ocrx_word' id='word_1_97' title='bbox 2114 2489 2117 2494; x_wconf 95' lang='lat'>-</span> 
     </span>
     <span class='ocr_line' id='line_1_15' title="bbox 608 2551 1084 2664; baseline -0.006 -25"><span class='ocrx_word' id='word_1_98' title='bbox 608 2551 816 2653; x_wconf 83' lang='lat' dir='ltr'>visitantis,</span> <span class='ocrx_word' id='word_1_99' title='bbox 837 2581 947 2637; x_wconf 90' lang='lat' dir='ltr'>anno</span> <span class='ocrx_word' id='word_1_100' title='bbox 968 2585 1084 2664; x_wconf 87' lang='lat'><strong>1344.</strong></span> 
     </span>
    </p>

    <p class='ocr_par' dir='ltr' id='par_1_9' title="bbox 542 2675 2039 2910">
     <span class='ocr_line' id='line_1_16' title="bbox 542 2675 2039 2796; baseline 0.002 -35"><span class='ocrx_word' id='word_1_101' title='bbox 542 2677 582 2763; x_wconf 91' lang='lat'>8.</span> <span class='ocrx_word' id='word_1_102' title='bbox 609 2677 714 2760; x_wconf 72' lang='lat' dir='ltr'>Aua</span> <span class='ocrx_word' id='word_1_103' title='bbox 741 2676 924 2760; x_wconf 84' lang='lat' dir='ltr'>bellicosa</span> <span class='ocrx_word' id='word_1_104' title='bbox 951 2677 1138 2760; x_wconf 82' lang='lat' dir='ltr'>Edwardi</span> <span class='ocrx_word' id='word_1_105' title='bbox 1155 2677 1227 2762; x_wconf 91' lang='lat' dir='ltr'><strong>III.</strong></span> <span class='ocrx_word' id='word_1_106' title='bbox 1255 2675 1356 2788; x_wconf 83' lang='lat' dir='ltr'>regis</span> <span class='ocrx_word' id='word_1_107' title='bbox 1374 2677 1532 2788; x_wconf 82' lang='lat' dir='ltr'>Angliae</span> <span class='ocrx_word' id='word_1_108' title='bbox 1560 2695 1600 2762; x_wconf 90' lang='lat' dir='ltr'>et</span> <span class='ocrx_word' id='word_1_109' title='bbox 1627 2677 1814 2762; x_wconf 81' lang='lat' dir='ltr'>Edwardi</span> <span class='ocrx_word' id='word_1_110' title='bbox 1842 2677 2039 2796; x_wconf 83' lang='lat' dir='ltr'>principis</span> 
     </span>
     <span class='ocr_line' id='line_1_17' title="bbox 610 2797 1558 2910; baseline -0.002 -26"><span class='ocrx_word' id='word_1_111' title='bbox 610 2799 771 2884; x_wconf 87' lang='lat' dir='ltr'>Walliae</span> <span class='ocrx_word' id='word_1_112' title='bbox 789 2797 876 2910; x_wconf 83' lang='lat' dir='ltr'>ejus</span> <span class='ocrx_word' id='word_1_113' title='bbox 892 2797 966 2884; x_wconf 88' lang='lat' dir='ltr'>filii</span> <span class='ocrx_word' id='word_1_114' title='bbox 984 2800 1028 2884; x_wconf 87' lang='lat' dir='ltr'>in</span> <span class='ocrx_word' id='word_1_115' title='bbox 1047 2801 1151 2886; x_wconf 83' lang='lat' dir='ltr'>mari</span> <span class='ocrx_word' id='word_1_116' title='bbox 1168 2818 1208 2885; x_wconf 86' lang='lat' dir='ltr'>et</span> <span class='ocrx_word' id='word_1_117' title='bbox 1225 2809 1349 2910; x_wconf 85' lang='lat' dir='ltr'>&#39;regno</span> <span class='ocrx_word' id='word_1_118' title='bbox 1367 2799 1558 2886; x_wconf 84' lang='lat' dir='ltr'>Franciae.</span> 
     </span>
    </p>
   </div>
   <div class='ocr_carea' id='block_1_3' title="bbox 1059 3009 1461 3128">
    <p class='ocr_par' dir='ltr' id='par_1_10' title="bbox 1059 3009 1461 3128">
     <span class='ocr_line' id='line_1_18' title="bbox 1059 3009 1461 3128; baseline 0 -2"><span class='ocrx_word' id='word_1_119' title='bbox 1059 3009 1461 3128; x_wconf 89' lang='lat' dir='ltr'><strong>CCCLXXI.</strong></span> 
     </span>
    </p>
   </div>
   <div class='ocr_carea' id='block_1_4' title="bbox 530 3171 2150 4389">
    <p class='ocr_par' dir='ltr' id='par_1_11' title="bbox 542 3171 1890 3289">
     <span class='ocr_line' id='line_1_19' title="bbox 542 3171 1890 3289; baseline -0.004 -32"><span class='ocrx_word' id='word_1_120' title='bbox 542 3173 657 3258; x_wconf 76' lang='lat' dir='ltr'>Codix</span> <span class='ocrx_word' id='word_1_121' title='bbox 673 3171 958 3258; x_wconf 64' lang='lat' dir='ltr'>membranaceis</span> <span class='ocrx_word' id='word_1_122' title='bbox 975 3177 1016 3258; x_wconf 91' lang='lat' dir='ltr'>in</span> <span class='ocrx_word' id='word_1_123' title='bbox 1034 3171 1099 3282; x_wconf 80' lang='lat'><strong>4‘⁰,</strong></span> <span class='ocrx_word' id='word_1_124' title='bbox 1105 3177 1225 3286; x_wconf 78' lang='lat' dir='ltr'>stculo</span> <span class='ocrx_word' id='word_1_125' title='bbox 1241 3176 1482 3286; x_wconf 80' lang='lat' dir='ltr'>xiiscrt&#39;ptus,</span> <span class='ocrx_word' id='word_1_126' title='bbox 1503 3177 1543 3258; x_wconf 90' lang='lat' dir='ltr'>in</span> <span class='ocrx_word' id='word_1_127' title='bbox 1562 3207 1627 3289; x_wconf 87' lang='lat' dir='ltr'>quo</span> <span class='ocrx_word' id='word_1_128' title='bbox 1645 3177 1890 3276; x_wconf 67' lang='lat' dir='ltr'>continentur,</span> 
     </span>
    </p>

    <p class='ocr_par' dir='ltr' id='par_1_12' title="bbox 542 3293 1474 3408">
     <span class='ocr_line' id='line_1_20' title="bbox 542 3293 1474 3408; baseline 0.002 -30"><span class='ocrx_word' id='word_1_129' title='bbox 542 3295 665 3380; x_wconf 84' lang='lat' dir='ltr'>Varia</span> <span class='ocrx_word' id='word_1_130' title='bbox 682 3293 874 3408; x_wconf 90' lang='lat' dir='ltr'>opuscula</span> <span class='ocrx_word' id='word_1_131' title='bbox 890 3295 1056 3380; x_wconf 87' lang='lat' dir='ltr'>Edmeri</span> <span class='ocrx_word' id='word_1_132' title='bbox 1074 3295 1262 3396; x_wconf 85' lang='lat' dir='ltr'>cantoris,</span> <span class='ocrx_word' id='word_1_133' title='bbox 1283 3293 1474 3395; x_wconf 75' lang='lat' dir='ltr'>uidelicet,¹</span> 
     </span>
    </p>

    <p class='ocr_par' dir='ltr' id='par_1_13' title="bbox 552 3415 1342 3531">
     <span class='ocr_line' id='line_1_21' title="bbox 552 3415 1342 3531; baseline 0.001 -30"><span class='ocrx_word' id='word_1_134' title='bbox 552 3449 584 3502; x_wconf 88' lang='lat'>1.</span> <span class='ocrx_word' id='word_1_135' title='bbox 613 3415 758 3500; x_wconf 88' lang='lat' dir='ltr'>Versus</span> <span class='ocrx_word' id='word_1_136' title='bbox 776 3421 826 3502; x_wconf 82' lang='lat' dir='ltr'>de</span> <span class='ocrx_word' id='word_1_137' title='bbox 842 3417 979 3502; x_wconf 65' lang='lat' dir='ltr'>sanilo</span> <span class='ocrx_word' id='word_1_138' title='bbox 993 3419 1222 3516; x_wconf 85' lang='lat' dir='ltr'>D&#39;unstano,</span> <span class='ocrx_word' id='word_1_139' title='bbox 1247 3436 1288 3531; x_wconf 79' lang='lat' dir='ltr'>p.</span> <span class='ocrx_word' id='word_1_140' title='bbox 1304 3451 1342 3530; x_wconf 85' lang='lat'>3.</span> 
     </span>
    </p>

    <p class='ocr_par' dir='ltr' id='par_1_14' title="bbox 547 3539 1724 3654">
     <span class='ocr_line' id='line_1_22' title="bbox 547 3539 1724 3654; baseline 0.002 -32"><span class='ocrx_word' id='word_1_141' title='bbox 547 3567 583 3623; x_wconf 88' lang='lat'>2.</span> <span class='ocrx_word' id='word_1_142' title='bbox 613 3542 805 3650; x_wconf 83' lang='lat' dir='ltr'>Hymnus</span> <span class='ocrx_word' id='word_1_143' title='bbox 822 3541 871 3624; x_wconf 90' lang='lat' dir='ltr'>de</span> <span class='ocrx_word' id='word_1_144' title='bbox 888 3539 1025 3622; x_wconf 75' lang='lat' dir='ltr'>fanno</span> <span class='ocrx_word' id='word_1_145' title='bbox 1045 3541 1244 3622; x_wconf 86' lang='lat' dir='ltr'>Edwardo</span> <span class='ocrx_word' id='word_1_146' title='bbox 1262 3569 1352 3652; x_wconf 84' lang='lat' dir='ltr'>rege</span> <span class='ocrx_word' id='word_1_147' title='bbox 1372 3559 1411 3624; x_wconf 88' lang='lat' dir='ltr'>et</span> <span class='ocrx_word' id='word_1_148' title='bbox 1433 3542 1606 3642; x_wconf 86' lang='lat' dir='ltr'>martire,</span> <span class='ocrx_word' id='word_1_149' title='bbox 1628 3563 1670 3654; x_wconf 82' lang='lat' dir='ltr'>p.</span> <span class='ocrx_word' id='word_1_150' title='bbox 1687 3569 1724 3652; x_wconf 79' lang='grc' dir='ltr'>ς.</span> 
     </span>
    </p>

    <p class='ocr_par' dir='ltr' id='par_1_15' title="bbox 549 3657 2041 4022">
     <span class='ocr_line' id='line_1_23' title="bbox 549 3657 2000 3778; baseline 0.006 -36"><span class='ocrx_word' id='word_1_151' title='bbox 549 3691 586 3774; x_wconf 81' lang='lat'>3.</span> <span class='ocrx_word' id='word_1_152' title='bbox 614 3657 794 3770; x_wconf 88' lang='lat' dir='ltr'>Epistola</span> <span class='ocrx_word' id='word_1_153' title='bbox 813 3661 973 3746; x_wconf 87' lang='lat' dir='ltr'>Nicolai</span> <span class='ocrx_word' id='word_1_154' title='bbox 992 3661 1041 3742; x_wconf 89' lang='lat' dir='ltr'>ad</span> <span class='ocrx_word' id='word_1_155' title='bbox 1060 3659 1304 3746; x_wconf 86' lang='lat' dir='ltr'>Eadmerum</span> <span class='ocrx_word' id='word_1_156' title='bbox 1325 3665 1372 3744; x_wconf 91' lang='lat' dir='ltr'>de</span> <span class='ocrx_word' id='word_1_157' title='bbox 1392 3685 1519 3746; x_wconf 87' lang='lat' dir='ltr'>matre</span> <span class='ocrx_word' id='word_1_158' title='bbox 1538 3665 1662 3748; x_wconf 71' lang='lat' dir='ltr'>sandii</span> <span class='ocrx_word' id='word_1_159' title='bbox 1683 3666 1882 3766; x_wconf 84' lang='lat' dir='ltr'>Edwanli,</span> <span class='ocrx_word' id='word_1_160' title='bbox 1905 3684 1946 3778; x_wconf 79' lang='lat' dir='ltr'>p.</span> <span class='ocrx_word' id='word_1_161' title='bbox 1962 3670 2000 3751; x_wconf 87' lang='grc'>6.</span> 
     </span>
     <span class='ocr_line' id='line_1_24' title="bbox 617 3777 2041 3900; baseline 0.004 -32"><span class='ocrx_word' id='word_1_162' title='bbox 617 3785 825 3868; x_wconf 80' lang='lat' dir='ltr'>Annotavit</span> <span class='ocrx_word' id='word_1_163' title='bbox 850 3783 1048 3898; x_wconf 80' lang='lat' dir='ltr'>Joceiinus,</span> <span class='ocrx_word' id='word_1_164' title='bbox 1078 3789 1110 3831; x_wconf 84' lang='lat'><em>“</em></span> <span class='ocrx_word' id='word_1_165' title='bbox 1125 3777 1249 3888; x_wconf 84' lang='lat' dir='ltr'>Hujus</span> <span class='ocrx_word' id='word_1_166' title='bbox 1271 3785 1418 3896; x_wconf 71' lang='lat' dir='ltr'>epistola</span> <span class='ocrx_word' id='word_1_167' title='bbox 1445 3785 1707 3900; x_wconf 80' lang='lat' dir='ltr'>descriptionem</span> <span class='ocrx_word' id='word_1_168' title='bbox 1735 3791 1912 3900; x_wconf 80' lang='lat' dir='ltr'>improbat</span> <span class='ocrx_word' id='word_1_169' title='bbox 1938 3793 2041 3873; x_wconf 85' lang='lat' dir='ltr'>anti-</span> 
     </span>
     <span class='ocr_line' id='line_1_25' title="bbox 616 3905 1867 4022; baseline 0.002 -32"><span class='ocrx_word' id='word_1_170' title='bbox 616 3920 642 3954; x_wconf 86' lang='lat'><strong>“</strong></span> <span class='ocrx_word' id='word_1_171' title='bbox 665 3909 769 4018; x_wconf 85' lang='lat' dir='ltr'>quior</span> <span class='ocrx_word' id='word_1_172' title='bbox 788 3907 1070 4020; x_wconf 69' lang='lat' dir='ltr'>chronographus</span> <span class='ocrx_word' id='word_1_173' title='bbox 1089 3905 1264 4022; x_wconf 77' lang='lat' dir='ltr'>osbernus</span> <span class='ocrx_word' id='word_1_174' title='bbox 1283 3911 1460 3990; x_wconf 83' lang='lat' dir='ltr'>Cantuar.</span> <span class='ocrx_word' id='word_1_175' title='bbox 1481 3911 1521 3992; x_wconf 81' lang='lat' dir='ltr'>in</span> <span class='ocrx_word' id='word_1_176' title='bbox 1539 3914 1625 3994; x_wconf 86' lang='lat' dir='ltr'>vita</span> <span class='ocrx_word' id='word_1_177' title='bbox 1641 3913 1867 4022; x_wconf 53' lang='lat' dir='ltr'>Durfiani?</span> 
     </span>
    </p>

    <p class='ocr_par' dir='ltr' id='par_1_16' title="bbox 543 4023 2150 4268">
     <span class='ocr_line' id='line_1_26' title="bbox 543 4023 2038 4144; baseline 0.003 -30"><span class='ocrx_word' id='word_1_178' title='bbox 543 4060 583 4136; x_wconf 90' lang='lat'>4.</span> <span class='ocrx_word' id='word_1_179' title='bbox 611 4023 792 4140; x_wconf 82' lang='lat' dir='ltr'>Epistola</span> <span class='ocrx_word' id='word_1_180' title='bbox 821 4027 980 4114; x_wconf 74' lang='lat' dir='ltr'>Nscolai</span> <span class='ocrx_word' id='word_1_181' title='bbox 1012 4031 1062 4110; x_wconf 89' lang='lat' dir='ltr'>ad</span> <span class='ocrx_word' id='word_1_182' title='bbox 1089 4029 1332 4113; x_wconf 88' lang='lat' dir='ltr'>Eadmerum</span> <span class='ocrx_word' id='word_1_183' title='bbox 1367 4029 1491 4113; x_wconf 74' lang='lat' dir='ltr'>sanni</span> <span class='ocrx_word' id='word_1_184' title='bbox 1520 4035 1691 4116; x_wconf 77' lang='lat' dir='ltr'>Andreae</span> <span class='ocrx_word' id='word_1_185' title='bbox 1722 4031 1893 4115; x_wconf 75' lang='lat' dir='ltr'>eleuum</span> <span class='ocrx_word' id='word_1_186' title='bbox 1926 4036 2038 4144; x_wconf 92' lang='lat' dir='ltr'>quod</span> 
     </span>
     <span class='ocr_line' id='line_1_27' title="bbox 613 4149 2150 4268; baseline 0.002 -34"><span class='ocrx_word' id='word_1_187' title='bbox 613 4149 929 4264; x_wconf 78' lang='lat' dir='ltr'>archiepiscopus</span> <span class='ocrx_word' id='word_1_188' title='bbox 948 4153 1070 4236; x_wconf 90' lang='lat' dir='ltr'>Ebor.</span> <span class='ocrx_word' id='word_1_189' title='bbox 1089 4152 1252 4234; x_wconf 88' lang='lat' dir='ltr'>nullum</span> <span class='ocrx_word' id='word_1_190' title='bbox 1269 4151 1390 4234; x_wconf 87' lang='lat' dir='ltr'>habet</span> <span class='ocrx_word' id='word_1_191' title='bbox 1407 4151 1471 4258; x_wconf 82' lang='lat' dir='ltr'>jus</span> <span class='ocrx_word' id='word_1_192' title='bbox 1492 4151 1686 4262; x_wconf 85' lang='lat' dir='ltr'>primatus</span> <span class='ocrx_word' id='word_1_193' title='bbox 1705 4153 1748 4238; x_wconf 92' lang='lat' dir='ltr'>in</span> <span class='ocrx_word' id='word_1_194' title='bbox 1766 4159 1917 4253; x_wconf 88' lang='lat' dir='ltr'>Scotos‚</span> <span class='ocrx_word' id='word_1_195' title='bbox 1940 4174 1981 4267; x_wconf 84' lang='lat' dir='ltr'>p.</span> <span class='ocrx_word' id='word_1_196' title='bbox 1995 4186 2035 4268; x_wconf 91' lang='lat'>7.</span> <span class='ocrx_word' id='word_1_197' title='bbox 2144 4163 2150 4176; x_wconf 78' lang='grc'><strong>”</strong></span> 
     </span>
    </p>

    <p class='ocr_par' dir='ltr' id='par_1_17' title="bbox 530 4267 2057 4389">
     <span class='ocr_line' id='line_1_28' title="bbox 530 4267 2057 4389; baseline 0 -33"><span class='ocrx_word' id='word_1_198' title='bbox 530 4307 534 4320; x_wconf 71' lang='grc'>’</span> <span class='ocrx_word' id='word_1_199' title='bbox 549 4301 586 4382; x_wconf 79' lang='lat'>5.</span> <span class='ocrx_word' id='word_1_200' title='bbox 616 4273 748 4382; x_wconf 82' lang='lat' dir='ltr'>Qale</span> <span class='ocrx_word' id='word_1_201' title='bbox 767 4269 815 4357; x_wconf 89' lang='lat' dir='ltr'>sit</span> <span class='ocrx_word' id='word_1_202' title='bbox 839 4275 951 4388; x_wconf 89' lang='lat' dir='ltr'>quod</span> <span class='ocrx_word' id='word_1_203' title='bbox 970 4267 1260 4359; x_wconf 84' lang='lat' dir='ltr'>Glastonienses</span> <span class='ocrx_word' id='word_1_204' title='bbox 1290 4268 1464 4359; x_wconf 86' lang='lat' dir='ltr'>asserunt</span> <span class='ocrx_word' id='word_1_205' title='bbox 1481 4273 1517 4358; x_wconf 90' lang='lat' dir='ltr'>se</span> <span class='ocrx_word' id='word_1_206' title='bbox 1536 4303 1681 4389; x_wconf 90' lang='lat' dir='ltr'>corpus</span> <span class='ocrx_word' id='word_1_207' title='bbox 1709 4275 1814 4360; x_wconf 87' lang='lat' dir='ltr'>beati</span> <span class='ocrx_word' id='word_1_208' title='bbox 1836 4281 2057 4364; x_wconf 82' lang='lat' dir='ltr'>Dunslani.</span> 
     </span>
    </p>
   </div>
   <div class='ocr_carea' id='block_1_5' title="bbox 616 4395 1488 4570">
    <p class='ocr_par' dir='ltr' id='par_1_18' title="bbox 616 4395 1488 4570">
     <span class='ocr_line' id='line_1_29' title="bbox 616 4395 919 4510; baseline -0.007 -30"><span class='ocrx_word' id='word_1_209' title='bbox 616 4395 774 4496; x_wconf 84' lang='lat' dir='ltr'>habere,</span> <span class='ocrx_word' id='word_1_210' title='bbox 796 4417 839 4510; x_wconf 85' lang='lat' dir='ltr'>p.</span> <span class='ocrx_word' id='word_1_211' title='bbox 858 4427 919 4480; x_wconf 91' lang='lat'>10.</span> 
     </span>
     <span class='ocr_line' id='line_1_30' title="bbox 1045 4503 1488 4570; baseline 0.002 0"><span class='ocrx_word' id='word_1_212' title='bbox 1045 4503 1074 4570; x_wconf 61' lang='lat' dir='ltr'>a</span> <span class='ocrx_word' id='word_1_213' title='bbox 1128 4512 1155 4566; x_wconf 67' lang='lat' dir='ltr'>u</span> <span class='ocrx_word' id='word_1_214' title='bbox 1212 4513 1239 4568; x_wconf 68' lang='lat' dir='ltr'>o</span> <span class='ocrx_word' id='word_1_215' title='bbox 1297 4513 1325 4570; x_wconf 68' lang='grc' dir='ltr'>ι</span> <span class='ocrx_word' id='word_1_216' title='bbox 1380 4517 1409 4570; x_wconf 68' lang='grc' dir='ltr'>ι</span> <span class='ocrx_word' id='word_1_217' title='bbox 1462 4517 1488 4570; x_wconf 70' lang='grc' dir='ltr'>ι</span> 
     </span>
    </p>
   </div>
   <div class='ocr_carea' id='block_1_6' title="bbox 1799 4575 2194 4744">
    <p class='ocr_par' dir='ltr' id='par_1_19' title="bbox 1799 4575 2194 4744">
     <span class='ocr_line' id='line_1_31' title="bbox 1799 4575 2194 4744; baseline 0.003 -29"><span class='ocrx_word' id='word_1_218' title='bbox 1799 4637 1836 4715; x_wconf 84' lang='lat'>6.</span> <span class='ocrx_word' id='word_1_219' title='bbox 1865 4629 2044 4744; x_wconf 80' lang='lat' dir='ltr'>Epistola</span> <span class='ocrx_word' id='word_1_220' title='bbox 2184 4575 2194 4596; x_wconf 89' lang='lat'><strong>·</strong></span> 
     </span>
    </p>
   </div>
   <div class='ocr_carea' id='block_1_7' title="bbox 550 4923 1501 5386">
    <p class='ocr_par' dir='ltr' id='par_1_20' title="bbox 552 4923 1304 5011">
     <span class='ocr_line' id='line_1_32' title="bbox 552 4923 1304 5011; baseline -0.021 -15"><span class='ocrx_word' id='word_1_221' title='bbox 552 4923 602 5008; x_wconf 83' lang='lat'>2·]</span> <span class='ocrx_word' id='word_1_222' title='bbox 619 4923 689 4994; x_wconf 83' lang='lat' dir='ltr'>Vide</span> <span class='ocrx_word' id='word_1_223' title='bbox 702 4923 791 4988; x_wconf 88' lang='lat' dir='ltr'><strong>LIX.</strong></span> <span class='ocrx_word' id='word_1_224' title='bbox 810 4944 842 5011; x_wconf 84' lang='lat'>3.</span> <span class='ocrx_word' id='word_1_225' title='bbox 963 4997 964 5004; x_wconf 8' lang='grc' dir='ltr'>ἵ</span> <span class='ocrx_word' id='word_1_226' title='bbox 1301 4991 1304 5002; x_wconf 34' lang='grc' dir='ltr'>Ι</span> 
     </span>
    </p>

    <p class='ocr_par' dir='ltr' id='par_1_21' title="bbox 553 5014 1170 5108">
     <span class='ocr_line' id='line_1_33' title="bbox 553 5014 1170 5108; baseline -0.006 -18"><span class='ocrx_word' id='word_1_227' title='bbox 553 5021 604 5108; x_wconf 64' lang='lat'>32]</span> <span class='ocrx_word' id='word_1_228' title='bbox 619 5021 690 5090; x_wconf 75' lang='lat' dir='ltr'>un</span> <span class='ocrx_word' id='word_1_229' title='bbox 702 5017 857 5085; x_wconf 79' lang='lat' dir='ltr'>ccxxx.</span> <span class='ocrx_word' id='word_1_230' title='bbox 888 5037 920 5088; x_wconf 68' lang='grc' dir='ltr'>ι.</span> <span class='ocrx_word' id='word_1_231' title='bbox 936 5014 1099 5086; x_wconf 78' lang='lat' dir='ltr'>eccon.</span> <span class='ocrx_word' id='word_1_232' title='bbox 1116 5037 1170 5107; x_wconf 75' lang='lat'>97.</span> 
     </span>
    </p>

    <p class='ocr_par' dir='ltr' id='par_1_22' title="bbox 551 5111 912 5198">
     <span class='ocr_line' id='line_1_34' title="bbox 551 5111 912 5198; baseline -0.006 -16"><span class='ocrx_word' id='word_1_233' title='bbox 551 5113 603 5198; x_wconf 84' lang='lat'>4.]</span> <span class='ocrx_word' id='word_1_234' title='bbox 620 5113 690 5182; x_wconf 63' lang='lat' dir='ltr'>rnre</span> <span class='ocrx_word' id='word_1_235' title='bbox 703 5111 863 5180; x_wconf 79' lang='lat' dir='ltr'>cxxxx.</span> <span class='ocrx_word' id='word_1_236' title='bbox 881 5133 912 5182; x_wconf 87' lang='lat'>2.</span> 
     </span>
    </p>

    <p class='ocr_par' dir='ltr' id='par_1_23' title="bbox 550 5203 1501 5386">
     <span class='ocr_line' id='line_1_35' title="bbox 550 5203 1501 5298; baseline 0.007 -26"><span class='ocrx_word' id='word_1_237' title='bbox 550 5203 788 5288; x_wconf 66' lang='lat' dir='ltr'>ocenum]</span> <span class='ocrx_word' id='word_1_238' title='bbox 806 5208 868 5276; x_wconf 74' lang='lat' dir='ltr'>Va.</span> <span class='ocrx_word' id='word_1_239' title='bbox 886 5209 953 5274; x_wconf 77' lang='lat' dir='ltr'>Car.</span> <span class='ocrx_word' id='word_1_240' title='bbox 971 5227 1076 5296; x_wconf 64' lang='lat' dir='ltr'>asur.</span> <span class='ocrx_word' id='word_1_241' title='bbox 1094 5203 1191 5278; x_wconf 75' lang='lat' dir='ltr'>MSS.</span> <span class='ocrx_word' id='word_1_242' title='bbox 1203 5207 1289 5296; x_wconf 73' lang='lat' dir='ltr'>Angl.</span> <span class='ocrx_word' id='word_1_243' title='bbox 1310 5209 1501 5298; x_wconf 62' lang='lat' dir='ltr'>idom-309·</span> 
     </span>
     <span class='ocr_line' id='line_1_36' title="bbox 554 5298 973 5386; baseline -0.002 -13"><span class='ocrx_word' id='word_1_244' title='bbox 554 5298 605 5386; x_wconf 80' lang='lat'>5·]</span> <span class='ocrx_word' id='word_1_245' title='bbox 622 5299 693 5372; x_wconf 69' lang='lat' dir='ltr'>uu</span> <span class='ocrx_word' id='word_1_246' title='bbox 706 5299 926 5372; x_wconf 84' lang='lat' dir='ltr'>ccxcvm.</span> <span class='ocrx_word' id='word_1_247' title='bbox 942 5323 973 5374; x_wconf 87' lang='lat'>2.</span> 
     </span>
    </p>
   </div>
   <div class='ocr_carea' id='block_1_8' title="bbox 0 0 2534 6274">
    <p class='ocr_par' dir='ltr' id='par_1_24' title="bbox 0 0 2534 6274">
     <span class='ocr_line' id='line_1_37' title="bbox 0 0 2534 6274; baseline 0 4"><span class='ocrx_word' id='word_1_248' title='bbox 0 0 2534 6274; x_wconf 95' lang='lat' dir='ltr'> </span> 
     </span>
    </p>
   </div>
  </div>
 </body>
</html>
