5058 6274
522 775 618 874 35²
1137 743 1502 855 CCCXXXIII.

634 929 700 1036 de
709 925 917 1039 provincia
934 923 1117 1026 saxoniae
1143 955 1216 1038 per
1243 927 1471 1039 capitulum
1502 928 1687 1038 generale
1716 931 1835 1044 apud‘
1855 931 2060 1020 Saturium

619 1047 852 1132 examinati
870 1065 911 1130 et
930 1047 1157 1158 approbati.
1549 1061 1556 1072 '

564 1171 601 1254 6.
632 1170 848 1256 Traslatus
867 1167 969 1252 alius
989 1168 1037 1250 de
1056 1169 1208 1254 cafibus
1227 1167 1674 1254 excommunicationis.

1046 1373 1520 1494 CCCXXXIV.

558 1533 675 1616 Codex
686 1530 976 1618 membranaceus
986 1529 1028 1611 in
1042 1531 1107 1628 8‘⁰,
1128 1563 1238 1616 manu
1244 1534 1658 1644 perantiquascriptur,
1678 1534 1720 1619 in
1734 1564 1800 1644 quo
1812 1539 2055 1640 continentur,

558 1654 760 1739 Homeliae
781 1675 936 1740 xxxrx
959 1651 1138 1761 Originis
1156 1654 1201 1736 in
1220 1655 1377 1738 Lucam
1397 1659 1514 1738 versae
1534 1657 1585 1738 ab
1600 1655 1773 1740 Eusebio
1793 1657 2049 1751 Hieronimo.

1031 1825 1034 1830 ¹
1060 1849 1532 1970 CCCXXXV.

555 2015 674 2100 Codex
690 2012 979 2096 membranaceus
997 2014 1038 2094 in
1058 2017 1126 2114 4³⁰,
1134 2011 1255 2119 seculo
1274 2011 1517 2122 enscrrptas,
1538 2015 1580 2096 in
1598 2041 1664 2124 quo
1682 2018 1927 2116 continentur,

560 2163 595 2219 1.
623 2134 803 2246 Epistola
823 2132 1034 2216 Sarraceni
1044 2135 1094 2216 ad
1113 2134 1257 2216 sestam
1278 2135 1389 2216 suam
1407 2132 1670 2240 christianum
1690 2136 1912 2223 invitantis.
1960 2239 1964 2248 ¹

554 2285 594 2340 2.
621 2253 878 2364 Rescriptum
895 2251 1116 2338 Christiani
1133 2255 1183 2336 ad
1205 2257 1413 2358 Maurum.

555 2407 593 2488 3.
623 2375 800 2488 Epistola
822 2374 979 2458 domini
1001 2375 1108 2458 Petri
1127 2374 1362 2458 venerabilis
1379 2373 1649 2460 Cluniacensrs
1671 2378 1826 2460 abbatis
1846 2383 1895 2462 ad
1913 2379 2044 2465 domi·

618 2523 722 2583 num
755 2496 1007 2578 bernardum
1034 2495 1241 2578 Claraeval.
1275 2495 1461 2580 abbatem
1500 2499 1550 2578 de
1581 2495 1664 2607 ipsa
1698 2497 1801 2583 secla
1832 2498 2048 2588 Mahomet

619 2615 1011 2729 pseudo-prophetae.
1071 2662 1076 2670 ·

541 2768 589 2845 ·4.
619 2733 795 2820 Cronica
815 2734 1002 2818 mendosa
1021 2751 1061 2818 et
1080 2735 1291 2820 ridiculosa
1309 2739 1631 2820 Sarracenorum.

550 2888 587 2969 ς.
618 2861 681 2940 De
710 2853 969 2966 generatione
999 2857 1218 2940 Mahumet
1250 2874 1291 2940 et
1310 2855 1532 2939 'nutritura
1561 2857 1645 2963 ejus
1680 2885 1806 2968 quam
1839 2858 2044 2944 transtulit

489 3013 492 3020 ⁴
616 2981 882 3062 Hermannus
918 2978 1078 3060 Sclavus
1113 2977 1364 3062 scholasticus
1403 2975 1557 3060 subtilis
1590 2995 1630 3059 et
1668 2977 1896 3088 ingeniosus
1935 2983 2043 3090 apud

614 3099 836 3210 Legionem
858 3097 1060 3209 Hispania
1080 3097 1298 3182 civitatem.

545 3225 584 3308 6.
614 3225 716 3306 Item
736 3220 922 3304 dosirina
940 3219 1172 3315 Mahumet,
1203 3247 1294 3330 quae
1313 3220 1421 3332 apud
1441 3224 1675 3304 Sarracenos
1703 3247 1860 3330 magnae
1884 3220 2038 3306 autori-

612 3340 796 3438 tatisest,
817 3339 888 3424 sub
908 3339 1047 3422 eodem
1069 3343 1309 3422 Hermanno
1328 3339 1530 3440 transsata,
1555 3367 1649 3422 cum
1669 3338 1760 3422 esset
1780 3337 2034 3449 peritissimus

610 3457 820 3569 utriusque
839 3459 1001 3568 linguae,
1022 3455 1168 3540 scilicet
1186 3455 1342 3542 Latinae
1362 3475 1402 3540 et
1422 3455 1618 3540 Arabicae.

542 3608 584 3691 7.
615 3579 793 3660 Libellus
826 3576 961 3661 fratris
996 3574 1183 3662 Ricculdi
1215 3576 1367 3660 ordinis
1405 3576 1702 3690 predicatorum
1735 3591 1878 3660 contra
1909 3578 2039 3688 legem

613 3703 935 3782 Sarracenorum.
1190 3724 1194 3730 ·

541 3819 582 3902 8.
610 3823 676 3920 De
692 3815 946 3902 conversione
965 3813 1071 3900 Petri
1093 3816 1289 3928 Alphonsr
1308 3819 1518 3930 quondam
1538 3815 1669 3926 Judei,
1701 3835 1741 3902 et
1765 3817 1869 3902 libro
1887 3815 1971 3928 ejus
1992 3817 2035 3902 iu

611 3941 761 4050 Judeos
782 3955 822 4022 et
841 3941 1090 4022 Sarracenos.

494 4121 498 4130 .
541 4093 581 4170 9.
610 4053 835 4142 Traslatus'
849 4059 897 4140 de
916 4055 1192 4166 dungionibus
1212 4057 1381 4142 diaboli.¹

545 4213 607 4266 ro.
638 4186 775 4265 Sermo
794 4182 985 4282 demodo
1005 4178 1164 4262 vivendi
1182 4179 1316 4263 fratris
1337 4185 1642 4262 Bonaventurae.

545 4331 607 4385 11.
638 4303 928 4410 Fragmentum
949 4301 998 4380 de
1018 4299 1156 4382 avibus
1176 4299 1348 4412 piscibus
1370 4316 1409 4382 et
1429 4297 1515 4382 aliis
1535 4295 1803 4384 mirabilibus.

545 4453 606 4510 12.
637 4427 701 4506 De
719 4422 867 4532 septem
882 4420 1006 4528 signis
1021 4419 1070 4502 in
1092 4419 1240 4506 Christi
1261 4421 1482 4504 nativitate.

545 4577 609 4656 13·
640 4543 822 4626 Nomina
841 4541 1022 4650 lapidum
1043 4541 1085 4623 in
1107 4570 1220 4653 apoc.
1426 4652 1429 4660 ἦ

546 4695 608 4772 14.
638 4665 794 4776 Regula
812 4679 853 4744 et
872 4659 954 4744 vita
973 4659 1146 4746 fratrum
1173 4661 1392 4748 minorum.

1848 4801 1909 4884 15.
1924 4723 2035 4859 Col-

541 5062 812 5142 CCCXXXIV.]
830 5063 894 5130 Ver.
910 5066 977 5127 Cat.
996 5059 1039 5122 K.
1057 5061 1087 5125 8.
1105 5061 1203 5126 MSS.
1220 5060 1301 5141 Aegl.
1323 5081 1524 5150 1390-113.

540 5159 799 5240 CCCXXXV.]
817 5155 867 5222 Ver
884 5161 949 5223 Cat.
968 5155 1014 5240 Q
1028 5155 1059 5220 6.
1078 5153 1173 5222 MSS.
1189 5155 1272 5238 Aegl.
1294 5158 1494 5246 1527-260.

542 5259 592 5343 8.]
609 5259 677 5370 psile
691 5253 844 5326 CCCIX.
862 5273 891 5318 2.
