5036 6264
1186 782 1366 929 CVIII·
1947 821 2037 920 115

558 979 623 1066 86.
654 972 789 1064 Prima
815 967 1026 1059 delineatio
1054 969 1236 1082 computi
1261 971 1364 1060 Coll.
1386 969 1508 1082 Cotp'.
1531 969 1676 1062 Christi
1703 998 1774 1086 pet
1803 973 2045 1066 Matthaeum
2187 1049 2189 1054 .

657 1097 815 1196 Perkes,
852 1124 865 1178 1
891 1095 1003 1178 Eelw.
1024 1095 1095 1176 VI.
1118 1110 1159 1202 p.
1178 1096 1271 1202 462.

557 1221 621 1340 87.
652 1219 800 1306 Anote
819 1213 867 1298 of
881 1214 949 1298 the
969 1211 1163 1324 principat
1185 1231 1345 1300 matters
1363 1215 1581 1298 concludes
1600 1217 1774 1300 between
1795 1214 1863 1302 the
1881 1220 2040 1326 queen’s
2141 1236 2143 1242 ·

650 1339 842 1456 majesty's
861 1335 1169 1424 conmiffioners
1189 1338 1266 1422 and
1286 1337 1353 1423 the
1373 1337 1527 1424 French
1548 1337 1590 1420 in
1610 1338 1808 1436 scotland,
1832 1357 1874 1452 p.
1894 1341 1985 1456 563.

1037 1557 1039 1560 ’
1187 1567 1352 1684 CIX.

550 1745 664 1834 Codex
681 1743 886 1830 chartaceus
902 1739 1056 1854 infolio,
1066 1740 1184 1852 scula
1201 1739 1452 1854 semiscriptus,
1473 1741 1513 1822 in
1533 1769 1597 1854 quo
1616 1744 1852 1840 continentur,

388 1939 392 1948 .
557 1897 590 1952 1.
621 1864 819 1950 Hens'scus
838 1867 951 1949 VIII.
971 1861 1143 1972 Angliam
1163 1861 1354 1957 Franciae,
1375 1867 1449 1951 hcc.
1471 1889 1551 1960 ress,
1581 1877 1722 1945 contra
1741 1866 2038 1950 Germanorum

491 1973 792 2100 opinionem'de
823 1975 1144 2096 utraque'specie,
1172 1985 1219 2070 de
1239 1982 1349 2068 mitta
1376 1983 1543 2098 privata,
1574 1999 1612 2066 et
1640 1985 1688 2072 de
1706 1982 1895 2098 conjugio
1914 1982 2036 2070 sacer·

491 2112 650 2209 dotum,
672 2128 714 2226 p.
739 2137 771 2190 1.
1935 2201 1939 2208 ¹
1988 2118 1990 2122 ’

547 2233 615 2318 Ad
637 2230 788 2314 initium
815 2229 1006 2312 annotavit
1029 2231 1229 2329 Perieras,
1262 2240 1289 2276 “
1309 2229 1450 2312 collobio
1469 2245 1540 2340 per
1564 2227 1795 2312 Cuthbertum
1814 2231 2037 2314 Drmelmen-

494 2365 520 2402 “
528 2358 607 2468 sun
625 2371 660 2438 ct
682 2353 863 2460 recognito
881 2369 952 2464 per
970 2353 1171 2439 Henricum
1190 2355 1240 2434 R.
1263 2349 1324 2434 8.”
1381 2355 1437 2436 Et
1453 2350 1633 2460 adfinem,
1664 2351 1770 2432 “Hi
1795 2355 2039 2464 quaterniones

493 2484 518 2524 “
542 2474 581 2556 de
599 2473 888 2584 utraquespecie‚
915 2472 957 2556 de
975 2472 1073 2582 misia
1087 2477 1260 2584 privato,
1289 2473 1330 2552 de
1348 2473 1506 2584 eorsugs'o
1519 2471 1745 2582 sacerdotum
1758 2475 1909 2584 stracti
1932 2493 2037 2556 erant

493 2607 521 2644 “
540 2598 581 2676 in
610 2595 702 2702 cistis
728 2593 918 2676 cuthberti
945 2594 1146 2676 Dunelmen
1159 2625 1187 2674 ss
1214 2595 1397 2678 morientis
1425 2597 1465 2676 in
1491 2592 1626 2680 oedibus
1654 2593 1848 2678 Lambethi
1874 2597 2037 2680 Mottlsei

492 2729 518 2770 “
539 2717 762 2800 Contuarien
774 2744 818 2812 cs,
835 2732 870 2794 et
887 2715 980 2796 mihi
997 2715 1161 2798 Mattheo
1179 2715 1260 2796 dati
1272 2732 1340 2823 per
1356 2735 1550 2796 executores
1561 2713 1738 2824 preaditii
1755 2714 1980 2799 Cuthberti.''

544 2840 613 2924 Ad
618 2857 708 2946 pag.
735 2865 797 2946 13,
815 2836 950 2919 occurit
968 2835 1088 2916 breuis
1107 2835 1454 2946 quadomstntentia
1466 2838 1623 2948 propria
1640 2865 1748 2918 manu
1766 2837 1862 2946 regis
1872 2839 2033 2949 scripta,

488 2977 524 3048 ct
540 2963 706 3071 adfinem
724 2961 842 3040 altera
859 2957 906 3040 ab
923 2961 993 3066 ipso
1012 2959 1213 3060 Cuthberto,
1234 2977 1275 3040 ut
1291 2959 1483 3040 annotavit
1501 2961 1699 3042 Parkerus.

543 3087 652 3170 Anno
676 3083 795 3190 1536,
821 3082 1063 3162 venerantia
1079 3081 1257 3188 Angliam
1282 3081 1395 3188 legati
1416 3111 1441 3160 a
1456 3080 1686 3190 principibus
1706 3083 1944 3178 Germanicis,
1972 3083 2037 3193 qui

482 3222 552 3315 per
571 3204 653 3289 duos
670 3202 794 3311 manases
812 3231 889 3284 cum
907 3201 1075 3310 theologis
1087 3201 1290 3312 quibusdam
1308 3203 1526 3312 Angliranis
1544 3233 1569 3282 a
1586 3231 1669 3314 rege
1685 3201 1870 3314 defigeretis
1887 3203 1928 3284 de
1945 3233 2034 3284 non-

487 3327 594 3410 nullis
617 3324 801 3433 religionis
817 3323 984 3407 articulis
1000 3321 1252 3434 disputarunt3
1273 3324 1453 3432 imprimis
1471 3324 1675 3438 quesissent
1691 3325 1804 3438 legati
1822 3325 1864 3410 de
1888 3323 2031 3436 quibus«

484 3449 571 3532 darn
587 3445 745 3554 utullus
763 3446 878 3530 adhuc
897 3446 1073 3544 toleratis,
1097 3447 1160 3556 qui
1171 3445 1451 3554 fundamentum
1472 3445 1674 3557 tyrannidis
1690 3446 1888 3556 pontificia
1896 3447 2034 3557 saslen-

488 3589 570 3652 tare
591 3569 822 3665 uidebantur,
848 3567 1054 3678 prasertim
1077 3569 1118 3650 de
1140 3567 1258 3650 tribus
1282 3568 1451 3650 articulis
1466 3567 1585 3680 stupra
1609 3569 1822 3650 memoratis.
1880 3571 1961 3648 Rex
1983 3569 2033 3654 eis

487 3696 527 3774 in
554 3691 615 3774 hoc
627 3692 769 3802 scripta
794 3688 984 3800 respondet,
1013 3707 1049 3772 et
1067 3719 1110 3770 eo
1129 3719 1230 3780 vera
1249 3691 1431 3799 religionis
1449 3689 1584 3798 Christi
1604 3687 1664 3800 esti
1692 3690 1858 3798 dogmata
1877 3687 2033 3800 probare

487 3831 648 3898 conatur.
864 3866 868 3875 ·

518 3933 522 3941 ’
546 3963 583 4015 2.
614 3931 789 4042 Epistola
816 3930 999 4014 Gualteri
1023 3933 1199 4020 Haddon
1229 3932 1278 4015 ad
1305 3930 1537 4016 Mattheum
1562 3935 1754 4018 Can‘suar.
1783 3959 1877 4015 cum
1905 3932 2031 4051 epita-

450 4087 453 4094 ·
560 4125 564 4134 ,
612 4053 710 4165 phio
730 4051 931 4137 Tunstalli
950 4052 1221 4164 archipresulis
1240 4053 1418 4151 hortatu,
1436 4069 1483 4136 ut
1502 4053 1670 4151 videtur,
1691 4051 1848 4164 script0,
1870 4073 1913 4164 p.
1931 4083 2015 4163 59..

546 4209 582 4286 3.
612 4181 748 4260 Lettes·
773 4175 881 4258 from
910 4174 979 4258 the
1007 4175 1301 4286 privyeouncil
1330 4194 1374 4258 to
1404 4174 1640 4285 archbiihop
1670 4175 1828 4270 Parker,
1863 4175 2031 4285 deleting

611 4296 697 4378 him
716 4315 760 4378 to
780 4299 894 4406 lodge
915 4296 1102 4383 Tunstall
1121 4297 1262 4412 bilhop
1282 4297 1331 4383 of
1345 4298 1531 4384 Durham
1552 4297 1594 4381 in
1620 4295 1680 4380 his
1705 4297 1838 4392 house,
1868 4315 1912 4378 to
1932 4325 2029 4378 con-

612 4419 672 4500 fer
689 4418 790 4500 with
811 4419 895 4500 him
914 4448 969 4501 on
989 4437 1152 4502 matters
1172 4419 1220 4501 of
1235 4419 1416 4529 religion,
1446 4420 1525 4501 and
1543 4437 1586 4498 to
1607 4417 1724 4500 suffer
1744 4444 1851 4500 none
1868 4433 1913 4500 to
1932 4417 2030 4501 have

575 4643 577 4648 Ι
611 4539 735 4622 access
770 4557 815 4622 to
852 4539 937 4622 him
977 4541 1051 4622 but
1085 4542 1195 4626 those
1228 4541 1362 4625 whom
1397 4542 1447 4622 he
1480 4541 1621 4624 [hould
1654 4537 1815 4623 himself
1849 4538 2028 4650 appoint.

610 4667 960 4774 Hampton-court
982 4691 1032 4774 27
1054 4669 1158 4774 Sept.
1185 4691 1302 4774 1559,
1322 4684 1367 4776 p.
1385 4667 1450 4750 os.
2009 4703 2012 4712 ·

1825 4813 1864 4889 4.
1893 4725 2029 4865 Letter

1045 5102 1152 5194 CIX.]
1168 5105 1301 5296 VetPCot.
1317 5105 1408 5173 Mtte.
1425 5107 1464 5178 E.

1059 5273 1065 5284 .
1278 5233 1299 5292 2
