5036 6264
507 705 600 779 rao
724 741 725 746 κ
894 752 900 764 -
1239 699 1368 800 CXI.

623 859 687 970 (ὁ)
709 861 972 954 Manumillio
989 867 1192 986 Hilrlel'rgi,
1213 904 1333 993 quem
1355 907 1403 968 ex
1418 881 1586 1001 AElfsrgo
1600 889 1743 980 abbate
1757 919 1908 990 emerat
1926 923 2040 1020 pater

488 1029 492 1035 ·
625 981 717 1069 litus
738 985 957 1098 AEgelsrgus
979 993 1112 1102 Byttci
1130 995 1236 1086 lilius
1258 1000 1311 1087 bo
1331 1003 1516 1092 denariis.
1863 1019 1868 1028 '

624 1103 690 1212 (7)
713 1107 973 1196 Manumillio
995 1113 1187 1227 Leofgifae
1216 1143 1488 1228 cognomento
1508 1133 1685 1242 Daegean
1712 1138 1761 1224 de
1783 1143 2040 1237 Nortlrstolce

622 1251 716 1310 cum
746 1228 858 1340 prole
878 1230 944 1316 sua
964 1259 1084 1350 quem
1110 1262 1157 1326 ex
1177 1240 1345 1356 AEllsrgo
1365 1243 1507 1334 abbate
1526 1251 1625 1338 emit
1644 1257 1868 1376 Godwigus
1888 1293 2040 1382 cogno·

621 1363 761 1434 mento
782 1351 924 1436 Bncca.

621 1465 686 1570 (8)
707 1467 968 1558 Manumislro
1002 1473 1193 1565 Godwini
1220 1499 1494 1595 cognomento
1522 1489 1623 1578 Bace
1654 1495 1704 1580 de
1736 1499 1933 1592 stantune
1966 1533 2037 1623 per
2116 1593 2121 1600 .

619 1587 831 1704 AElfligurn
853 1593 1051 1678 abbatem.
1769 1629 1773 1636 ·

552 1731 588 1818 5.
619 1712 836 1822 Evangelia
856 1715 1021 1826 legenda
1040 1716 1082 1803 in
1104 1717 1257 1828 aliquot
1276 1719 1397 1824 festis,
1418 1743 1457 1813 et
1476 1729 1676 1820 orationes
1696 1733 1884 1842 dicenda,
1908 1763 1951 1860 p.
1967 1771 2034 1834 21.

549 1833 588 1916 6.
620 1833 1016 1946 Genealogiaregum
1028 1840 1185 1950 Angliae
1201 1843 1422 1932 abAdamo
1434 1849 1484 1934 ad
1496 1852 1903 1972 Stephanumregem,
1914 1882 1955 1973 p.
1969 1894 2033 1981 ²7·

500 2049 504 2054 ¹
549 1977 588 2068 7.
618 1951 750 2038 Brevis
770 1953 931 2040 historia
946 1956 993 2040 de
1009 1954 1155 2072 septem
1176 1961 1307 2074 regnis
1325 1965 1565 2082 heptarchiae
1580 2000 1627 2058 ex
1643 1977 1850 2064 Florentio
1868 1983 2033 2098 Wigor·

619 2071 756 2171 niensr,
814 2100 905 2160 .2.

549 2191 586 2280 8.
616 2092 824 2282 servantis
849 2104 897 2282 d9e
917 2195 992 2284 srtn
1012 2195 1275 2305 Hierusalem,
1291 2206 1376 2316 stur
1396 2205 1471 2296 iter·
1490 2209 1574 2318 ejus
1603 2213 1653 2300 ad
1674 2231 1820 2306 terram
1840 2219 2031 2328 sannam,

615 2335 655 2402 et
674 2313 884 2430 descriptio
902 2315 1089 2422 ejusdem,
1114 2337 1154 2434 p.
1173 2349 1238 2434 37.

546 2465 583 2541 9.
613 2435 877 2522 Narrationes
898 2437 1168 2548 plurimorum
1190 2441 1492 2542 miraculorum,
1507 2513 1509 2516 -
1516 2465 1558 2558 p.
1575 2449 1642 2556 48.

489 2561 513 2618 'l
532 2560 906 2647 *REGISTRUM
924 2553 1249 2648 CARTARUM
1265 2567 1520 2652 ABBATIAE
1538 2573 1574 2654 S.
1586 2575 1755 2660 PETRI
1767 2579 1841 2658 DE
1859 2581 2029 2668 BATH.

547 2710 607 2770 10.
637 2677 866 2766 Conventio
886 2679 990 2766 inter
1009 2679 1183 2792 priorem
1204 2703 1242 2764 et
1262 2705 1507 2770 conventum
1527 2709 1566 2776 et
1587 2691 1801 2778 Matil'dam
1822 2699 2030 2792 dominam

638 2805 686 2885 ue
706 2799 951 2884 Bathneston
971 2805 1021 2882 Α.
1039 2805 1089 2884 D.
1114 2807 1230 2910 1269,
1251 2805 1299 2886 de
1319 2803 1487 2910 pasturis
1508 2827 1547 2890 et
1565 2813 1810 2916 communis,
1833 2837 1876 2926 p.
1894 2849 1958 2930 55.

547 2949 607 3012 ιι.
637 2917 903 3028 Indulgentiae
931 2920 1117 3003 concessae
1145 2951 1167 3008 a
1191 2923 1428 3006 Theobaldo
1448 2930 1726 3020 Cantuarienli
1754 2941 1934 3024 Roberto
1953 2949 2030 3032 Ba.

547 3111 549 3116 ,
638 3041 820 3124 thonenlr
852 3043 993 3126 Marco
1023 3043 1237 3126 Cluanensr
1271 3061 1311 3128 et
1339 3045 1540 3130 Nicholao
1568 3055 1816 3142 Landavensr
1846 3063 2028 3180 episcopo

409 3127 412 3146 .
634 3161 682 3250 iis
718 3160 790 3275 qui
830 3161 1115 3250 monasterium
1147 3163 1397 3249 Bathonense
1429 3165 1673 3262 vibraverint
1710 3175 1755 3262 in
1787 3183 2027 3278 exaltatione

637 3282 782 3372 sanbtaa
802 3281 944 3376 crucis,
967 3299 1010 3390 p.
1028 3309 1092 3388 54.
1465 3315 1468 3322 ·

543 3433 604 3499 12·
635 3403 846 3488 Dedicatio
865 3401 1031 3500 oratorii
1061 3403 1102 3486 in
1128 3400 1319 3487 suburbio
1338 3407 1579 3494 Bathonensr
1609 3410 1652 3498 in
1680 3414 1834 3500 honore
1854 3425 1892 3504 S.
1908 3427 2026 3510 Wer-

632 3525 770 3632 bnrgae
790 3542 828 3604 et
849 3525 885 3602 S.
899 3525 935 3602 S.
951 3521 1143 3604 Iohannis
1160 3523 1345 3636 Baptistae
1365 3547 1404 3608 et
1424 3530 1656 3616 Katherinae
1673 3535 1837 3644 virginis
1859 3559 1898 3622 et
1919 3571 2025 3628 mar-

625 3641 710 3728 tiris
731 3671 800 3753 per
821 3643 1040 3724 Nicolaum
1062 3645 1358 3732 Landavensern
1381 3648 1626 3760 episcopum,
1656 3656 1747 3740 ibid.

542 3794 558 3854 r
567 3793 604 3880 3.
635 3761 829 3848 Sodalitas
846 3759 1026 3872 religiosa
1042 3763 1232 3846 Saxonice
1247 3765 1387 3876 scripta
1408 3796 1498 3878 quae
1513 3771 1614 3855 inita
1631 3773 1711 3857 fuit
1727 3777 1829 3861 inter
1845 3785 2024 3870 Wnlsta-

630 3865 733 3967 num
754 3881 1337 3992 episcopumWigornienlem,
1357 3889 1625 3996 AEgelwigum
1645 3896 1830 3981 abbatem
1852 3904 2024 3990 Eoflha-

630 4001 835 4094 mensem,
862 4001 1157 4086 Wolfwoldum
1185 4005 1370 4088 abbatem
1392 4011 1441 4088 de
1461 4011 1696 4120 Ceortesrge,
1717 4018 1932 4129 AElfsrgum
1952 4030 2025 4108 ab·

628 4127 762 4208 batem
801 4121 1123 4218 Bathoniensem,
1171 4127 1436 4208 Edmundum
1486 4129 1671 4216 abbatem
1716 4140 2022 4246 Perscorensem,

629 4243 865 4330 Rawulfnnr
902 4245 1089 4326 abbatem
1113 4243 1557 4346 Wincelcumbiensem,
1590 4255 1793 4341 Serlonenr
1826 4265 2013 4350 abbatem
2190 4247 2192 4250 ⁵

628 4362 1023 4450 Gleweceastrensem
1058 4381 1098 4446 et
1122 4365 1368 4451 AElfstanum
1401 4369 1598 4456 decanum
1628 4375 2021 4488 Wigoceastrensem,

537 4635 598 4714 14.
620 4503 801 4696 113.οὲΞὲἱο
833 4589 896 4712 30⁴
917 4601 1145 4686 mansarum
1176 4628 1232 4684 aec
1256 4603 1491 4702 ayaoaohame
1518 4615 1773 4739 monasterio·
1788 4624 1825 4700 S.
1842 4622 1949 4704 Petri
1976 4623 2020 4709 in

627 4723 827 4816 Bathonia
845 4719 913 4831 per
934 4723 1166 4831 AEdwigum
1186 4749 1319 4834 regern
1344 4735 1393 4808 A.
1412 4729 1464 4809 D.
1488 4757 1513 4835 9
1517 4736 1584 4836 56,
1606 4751 1649 4840 p.
1667 4761 1733 4843 57.

532 4873 593 4960 15.
623 4842 804 4926 Donatio
832 4865 892 4924 xn
922 4845 1175 4925 manentium
1205 4843 1247 4925 in
1278 4847 1382 4956 slepi
1402 4849 1618 4960 Bernguidi
1647 4854 1842 4940 abbatillae
1862 4880 1902 4944 et
1930 4891 2020 4948 mo·

623 4964 794 5056 nestorio
813 4963 897 5080 ejus
918 4992 988 5084 per
1006 4963 1283 5066 withealum,
1306 4985 1349 5078 p.
1368 4994 1432 5077 59.

1841 5104 1902 5188 16.
1932 5107 2019 5203 Do-
