4980 6264
514 753 589 902 '32
1218 777 1406 872 xntx..

569 966 666 1048 Folio
697 967 870 1075 rey'enitio
900 967 953 1047 ad
978 965 1125 1048 initium
1158 966 1286 1050 codicis
1318 963 1532 1076 irfiribitnr
1561 972 1587 1010 “
1607 962 1721 1046 biblia
1744 967 1795 1047 G.
1824 965 1867 1048 de
1895 966 2055 1075 Longele

514 1091 667 1169 menor.''

569 1212 686 1322 Dorso
704 1211 835 1319 ultimo¹
837 1210 925 1316 folio
944 1241 1052 1291 monn
1069 1209 1243 1290 neoterica
1269 1219 1296 1254 “
1311 1240 1402 1290 anno
1419 1208 1575 1290 Domini
1592 1207 1774 1314 milleffimo
1792 1210 2056 1319 quingentosseno

515 1341 541 1376 “
549 1332 783 1440 fixogestrnffl
804 1333 950 1442 hincque
968 1333 1076 1412 nimis
1090 1332 1213 1438 focile
1230 1331 1394 1442 opinatus
1412 1329 1457 1438 est
1475 1329 1530 1411 Cl.
1550 1330 1731 1413 Stonlcius
1747 1331 1896 1414 codicem
1913 1359 1949 1412 eo
1967 1359 2057 1412 anno
2162 1328 2167 1342 ⁶

499 1451 614 1563 futffi
629 1473 831 1535 exoratum.

568 1824 681 1906 Codex
700 1822 1016 1906 membranaceus
999 1823 1122 1932 onfhl'
1106 1853 1139 1903 eo
1142 1823 1280 1932 ‚seculo
1262 1819 1372 1902 cxiii
1388 1836 1572 1917 exoratus,
1593 1815 1715 1931 inquo
1735 1821 1971 1920 continentur,

574 1969 609 2026 1
638 1945 770 2026 Brevis
798 1945 991 2027 trattatus
1019 1945 1067 2024 de
1095 1943 1253 2050 regibus
1274 1939 1432 2051 Angliae
1460 1969 1484 2024 a
1510 1940 1643 2074 primo
1667 1943 1839 2026 adventu
1864 1939 1980 2026 Bruti
2005 1941 2055 2024 ad

637 2068 897 2150 Ethelredum
917 2067 1048 2148 filium
1067 2065 1226 2172 Edgari.
1661 2111 1665 2118 ·

568 2214 606 2268 2.
636 2191 822 2271 Romanz
841 2191 888 2270 de
907 2193 1030 2270 Brute
1047 2214 1119 2298 par
1137 2185 1277 2268 mestre
1296 2187 1436 2282 Wace,

565 2312 785 2422 Incipit,‘
790 2313 878 2392 ‘Ki
893 2312 975 2392 vult
994 2312 1052 2390 oir
1069 2329 1104 2390 et
1120 2339 1172 2390 vu
1173 2311 1202 2388 t
1209 2310 1326 2419 sever

774 2445 802 2480 “
822 2437 888 2515 De
904 2435 962 2513 rei
978 2464 1020 2513 en
1041 2432 1097 2512 rei
1115 2432 1156 2513 de
1172 2462 1214 2511 en
1232 2461 1274 2510 en
1292 2459 1334 2510 en

774 2563 801 2598 “
820 2557 872 2661 Q
888 2555 1095 2662 cilsfurent
1112 2569 1148 2634 et
1164 2551 1253 2633 dunt
1270 2551 1304 2631 il
1317 2549 1490 2634 vindrent

773 2685 801 2720 “
821 2677 873 2783 Q
884 2677 1021 2786 primes
1039 2676 1254 2783 Engleterre
1272 2671 1435 2753 tindrent

770 2803 885 2880 M
870 2798 950 2908 stre
968 2801 1058 2878 WA
1067 2800 1100 2878 C
1107 2801 1144 2878 E
1163 2795 1229 2877 lod
1241 2792 1449 2902 transsate?

564 2921 682 3029 Expl
665 2921 784 3020 ecit,‘
789 2922 866 3002 ‘Ci
871 2919 968 3028 faut
985 2918 1119 3026 lestorie
1136 2918 1193 2998 des
1211 2920 1371 2997 Bretuns

457 3081 460 3084 ·
771 3045 854 3122 “E
874 3041 1065 3148 lelignage
1082 3039 1138 3118 des
1155 3037 1284 3117 barons

768 3173 797 3210 “
816 3163 873 3245 Ki
888 3163 947 3244 tel
958 3162 1103 3270 lignage
1120 3158 1238 3241 Bruti
1253 3155 1428 3239 vincirent

762 3296 796 3332 ⁴‘
815 3287 873 3368 Ki
890 3285 1105 3393 Engleterre
1121 3283 1241 3388 lunges
1258 3277 1420 3361 tindrent

767 3418 795 3454 “
814 3409 910 3489 Puis
929 3411 971 3488 ke
988 3409 1093 3488 Deus
1110 3402 1344 3485 incarnacion

738 3515 740 3522 Α
767 3539 794 3621 “,
813 3527 918 3634 Prtst
928 3546 1024 3638 pour
1040 3526 1151 3636 noslre
1167 3523 1384 3633 redempcion

766 3660 793 3696 “
812 3651 897 3732 Mil
911 3681 930 3731 e
946 3667 1026 3730 cent
1042 3679 1061 3729 e
1077 3650 1269 3730 cinkounte
1286 3675 1363 3726 unz

768 3782 795 3817 “
815 3773 891 3881 Fist
907 3771 1027 3880 mestre
1046 3772 1137 3852 WA
1144 3773 1177 3852 G
1184 3775 1221 3852 E
1242 3767 1307 3876 cest
1324 3792 1487 3848 romanz.

561 3894 860 4009 Prosequitnrc
823 3894 1005 4005 historiam
1033 3893 1150 3976 Bruti
1177 3911 1213 3975 et
1230 3888 1458 4002 principium
1487 3881 1682 3967 Britonuno
1713 3885 1817 3999 op’que
1845 3883 1898 3969 od
1920 3900 2052 4001 ternpus

505 4019 707 4129 Athelstoni
723 4019 832 4128 regis.

561 4173 601 4252 3
631 4145 817 4223 Romanz
837 4139 885 4221 de
903 4165 963 4221 un
980 4136 1153 4220 chivater
1170 4163 1192 4219 e
1210 4135 1260 4218 de
1278 4131 1318 4218 sa
1337 4133 1453 4218 dame
1470 4157 1492 4214 e
1508 4129 1557 4213 de
1575 4154 1634 4210 un
1652 4127 1770 4211 clerk.

559 4265 754 4374 Incipit,
759 4265 848 4344 ‘Un
866 4261 993 4343 chinel
988 4291 1030 4342 er
1035 4260 1141 4368 podes
1160 4259 1292 4369 ςβιὶιΓ

560 4415 602 4492 4.
631 4381 803 4468 Lestorie
819 4385 868 4466 de
889 4387 1000 4494 Syres
1018 4380 1133 4464 Amis
1151 4397 1192 4462 et
1210 4376 1393 4464 Amilun.

560 4509 712 4618 Incipit,
742 4517 770 4554 “
789 4507 848 4589 Ki
864 4523 952 4587 veut
969 4506 1027 4587 nir
1044 4505 1219 4587 choncoun
1239 4501 1381 4586 domur.

564 4657 603 4738 ς.
632 4631 791 4740 Lestorie
807 4630 849 4711 te
865 4629 931 4709 iiii
933 4627 1070 4738 socors.

561 4752 712 4862 Incipit,
742 4763 771 4800 “
788 4747 980 4836 Entendez
996 4777 1022 4832 a
1039 4747 1110 4832 moi
1127 4746 1159 4827 li
1175 4775 1274 4830 venz
1291 4773 1311 4828 e
1327 4741 1476 4856 erffonz.

508 5045 2043 5095 ...Μ-*κωκυ-

901 5181 961 5269 L.]
977 5180 1041 5254 Vct.
1052 5180 1124 5250 Cot.
1139 5177 1178 5249 Ρ.
1195 5195 1226 5266 3.
1244 5173 1341 5247 MSS.
1358 5175 1443 5265 Angl.
1464 5172 1642 5268 1334-58·
