5054 6256
470 775 473 782 ’
502 801 598 894 232
1182 763 1405 858 CLXVI.

559 987 592 1039 1.
622 949 802 1038 Roderici
831 949 896 1058 [te
922 948 1090 1074 Averalo
1121 947 1311 1060 episcopi]
1345 947 1605 1058 Caligaritani
1631 949 1844 1063 disputatio
1871 957 1919 1038 de
1946 985 2040 1070 pace

481 1163 503 1222 'i
554 1227 590 1282 a.
611 1073 951 1300 Felicisciiiriiiiatio
975 1189 1244 1274 exhortatoria
1263 1193 1312 1274 ad
1332 1193 1484 1276 bellum
1512 1193 1555 1279 in
1577 1199 1731 1279 Turcas
1751 1196 2040 1309 suscipiendum

611 1315 952 1522 iosiniirationem
970 1437 1104 1546 excipit
1133 1439 1160 1516 S
1174 1441 1215 1517 Υ
1220 1439 1346 1518 LLO
1360 1441 1397 1520 G
1411 1442 1449 1520 Ε
1491 1443 1528 1520 Ε
1546 1441 1626 1520 ΡΙ
1632 1443 1660 1520 S
1676 1390 1758 1524 i'O
1773 1448 1859 1527 LA
1870 1447 1906 1527 R
1927 1449 2035 1549 UM,

627 1588 778 1672 quarum
796 1559 962 1639 notitiam
982 1587 1024 1638 ex
1041 1557 1199 1638 rubricis
1219 1557 1347 1639 codicis
1365 1559 1577 1668 defirmptam
1594 1563 1750 1672 appostri.

396 1753 401 1774 ,
556 1715 594 1794 3.
624 1681 801 1792 Epistola
818 1676 1026 1758 dottiffimi
1045 1677 1119 1758 viri
1135 1678 1299 1786 Georgii
1319 1680 1584 1790 Trapezuntii
1603 1683 1652 1761 ad
1674 1683 1917 1767 Rodericum
1936 1687 2035 1798 epis-

451 1847 457 1861 ·
628 1829 774 1913 copum
800 1817 839 1880 et
865 1797 1133 1894 castellanum,
1159 1798 1309 1910 inqua
1336 1801 1674 1911 cumplurimum
1694 1807 1967 1906 commendat,
1996 1825 2036 1888 et

624 1925 803 2034 deplorat
820 1919 1074 2002 incommoda
1091 1919 1331 2029 captivitatis
1350 1921 1441 2018 suae,
1471 1939 1511 2004 et
1529 1941 1713 2034 precatur
1738 1928 1909 2009 eundem
1932 1927 2033 2039 epis-

586 2104 602 2148 „
624 2073 771 2156 copum
809 2061 857 2124 ut
889 2039 1079 2148 fignificet
1114 2041 1246 2124 causas
1274 2041 1351 2125 suae
1376 2043 1697 2130 incarcerationis
1721 2064 1760 2128 et
1784 2047 2035 2146 calamitatis,
2073 2153 2076 2160 Ι

479 2167 485 2176 ’
610 2169 684 2279 sol·
704 2194 771 2276 74·
1486 2263 1490 2270 .

551 2322 591 2398 4.
620 2288 796 2400 Epistola
829 2282 1013 2368 Roderici
1045 2282 1215 2394 episcopi
1241 2300 1281 2366 et
1305 2287 1504 2372 castellani
1532 2290 1581 2370 ad
1611 2291 1782 2372 eundem
1809 2291 2034 2400 Georgium

615 2409 956 2520 'Trapezuntium
975 2406 1020 2488 in
1040 2435 1121 2515 qua
1139 2407 1309 2489 ostendit
1327 2409 1459 2492 causas
1474 2407 1551 2492 suae
1569 2410 1824 2521 captivitatis,
1844 2429 1883 2492 et
1903 2414 2036 2522 arguit

625 2560 691 2620 eos
710 2532 781 2641 qui
799 2531 1076 2638 obloquuntur
1101 2545 1140 2610 et
1157 2529 1376 2613 detrahunt
1391 2531 1655 2643 principibus,
1678 2559 1802 2642 quare
1819 2531 2037 2620 concilium

619 2653 770 2738 salubre
787 2653 855 2733 dat
873 2651 999 2760 eidem
1019 2647 1193 2758 Georgio
1212 2659 1401 2761 utquam
1417 2653 1530 2736 ocius
1549 2654 1750 2752 liberetur,
1764 2671 1807 2764 p.
1827 2683 1896 2766 75.
2062 2657 2065 2662 ’

489 2787 492 2794 ’
554 2806 592 2890 5.
620 2775 797 2886 Epistola
817 2767 982 2856 Platinae
1011 2771 1060 2852 ad
1083 2770 1325 2856 Rodericum
1344 2774 1572 2886 episcopum
1590 2775 1930 2883 Calagaritanum,
1952 2778 2035 2862 eas-
2146 2771 2156 2780 ’

620 2899 814 2979 tellanum
827 2899 871 2976 S.
891 2892 1036 3002 Angeli
1055 2893 1337 2994 exhortatoria,
1366 2911 1415 2978 ut
1432 2899 1482 2978 ad
1501 2923 1594 2978 eum
1620 2895 1664 2976 in
1682 2923 1835 2979 carcere
1851 2896 2036 2981 viniium

475 3113 483 3127 ,
619 3018 759 3102 scribat
777 3014 1086 3098 consolationem
1106 3015 1277 3098 remedia
1296 3035 1436 3099 contra
1454 3015 1614 3098 vincula
1632 3017 1786 3100 dolores
1805 3018 1980 3130 corporis
1995 3041 2036 3108 et

531 3196 538 3208 ·
623 3140 719 3224 alias
736 3137 880 3222 mundi
898 3135 1107 3220 molestiae.
1128 3155 1170 3248 p.
1188 3167 1254 3248 79.
1473 3136 1475 3140 ’

551 3269 589 3348 6.
619 3261 797 3373 Epistola
821 3257 1199 3370 Rodericiepiscopi
1230 3273 1270 3338 et
1294 3257 1493 3342 castellani
1509 3253 1796 3357 consolatoria,
1815 3261 2032 3345 ostendeus

619 3383 740 3487 hujus
760 3379 877 3464 seculi
894 3379 1049 3488 flagella
1063 3377 1307 3488 medecinam
1318 3378 1391 3462 esse
1400 3398 1440 3462 et
1459 3380 1569 3490 signa
1582 3409 1682 3464 verae
1701 3381 1851 3478 salutis,
1866 3400 1907 3465 et
1923 3383 2032 3493 quod

618 3503 795 3617 plurima
811 3505 918 3589 bona
937 3499 1101 3612 pariunt
1120 3501 1216 3582 tales
1242 3501 1504 3600 adversitates,
1534 3501 1736 3614 presertim
1757 3505 1872 3586 dolor
1890 3531 2029 3614 corpo·

619 3626 687 3724 ris,
715 3625 876 3708 vincula
898 3649 989 3733 quae
1017 3619 1202 3704 animum
1225 3650 1319 3708 non·
1343 3625 1497 3708 laedunt
1523 3621 1738 3734 prasertim
1768 3622 1964 3736 sapientis,
1992 3637 2032 3704 et

620 3749 806 3829 hortatur
824 3747 874 3828 ad
891 3742 1167 3826 constantiam.
1184 3747 1260 3856 fol.
1282 3748 1346 3828 80.

552 3897 592 3982 7.
622 3869 799 3980 Epistola
819 3865 1105 3949 B.Platinaead
1119 3867 1361 3950 Rodericum
1379 3860 1651 3963 castellanum,
1672 3883 1795 3978 quem
1809 3863 2030 3974 plurimum
2099 3884 2103 3892 “
2131 3969 2140 3984 ἱ

621 3991 759 4074 laudat
783 3990 830 4070 de
850 3987 1034 4070 doitrina
1051 4005 1090 4070 et
1108 3987 1361 4072 humanitate
1379 3991 1428 4071 ad
1447 3987 1622 4088 miseros,
1647 3986 1792 4096 et'agit
1814 3985 1960 4096 gratias
1982 3987 2030 4067 de

620 4103 799 4193 remediis
818 4111 868 4194 ad
887 4108 971 4218 ejus
990 4107 1252 4192 infelicitates.
1267 4112 1343 4222 fol.
1366 4111 1431 4220 83.

553 4235 591 4316 8.
621 4232 798 4342 Epistola
816 4229 1000 4314 Roderici
1028 4229 1226 4314 castellani
1252 4234 1303 4314 ad
1321 4230 1521 4315 Platinam
1540 4227 1772 4340 responsiva,
1798 4253 1967 4338 arguens
1985 4255 2030 4311 a·

621 4353 773 4438 mic-um
789 4351 1045 4458 assentantem
1056 4349 1178 4440 fimus
1196 4369 1235 4436 et
1253 4353 1497 4452 saudauma,
1515 4367 1556 4434 et
1573 4349 1743 4435 ostendit
1759 4367 1923 4462 propter
1941 4375 2031 4460 quae

619 4503 721 4557 verae
739 4475 873 4556 laudes
891 4471 1088 4555 dicantur.
1102 4475 1178 4582 fol.
1199 4478 1222 4556 8
1229 4503 1265 4583 ς.
1389 4555 1393 4562 .

551 4630 591 4710 9.
621 4595 800 4707 Epistola
817 4597 862 4677 B.
884 4589 1050 4676 Platinae
1077 4596 1127 4676 ad
1142 4594 1389 4707 ¹Rodericum
1409 4595 1679 4692 castellanum,
1708 4594 1753 4676 in
1772 4617 1853 4702 qua
1872 4585 2048 4705 misera·v

610 4718 751 4802 ·bilitcr
765 4715 1024 4831 conqueritur
1042 4733 1184 4799 contra
1200 4717 1420 4815 fortunam,
1439 4743 1531 4828 quae
1544 4743 1637 4799 eum
1656 4713 1772 4797 bonis
1790 4709 1942 4794 artibus
1962 4711 2032 4790 da-
2114 4783 2117 4788 .

613 4839 752 4922 'ditum
769 4839 847 4922 suis
872 4837 1098 4950 percusserit
1116 4839 1245 4937 malis,
1266 4840 1376 4949 quod
1393 4837 1579 4920 attribuit
1597 4836 1746 4950 iniqua
1766 4833 1845 4915 suae
1862 4832 2032 4916 constel-

619 4959 775 5058 lationi,
795 4979 834 5046 et
852 4959 1051 5072 desperare
1067 4959 1235 5042 videtur.
1250 4963 1325 5072 fhl.
1348 4959 1413 5042 86.
1610 5057 1618 5076 Ι

556 5110 616 5166 10.
644 5082 824 5194 Epistola
850 5081 1035 5168 Roderici
1052 5079 1232 5194 episcopi
1258 5097 1299 5168 et
1329 5081 1527 5169 castellani
1559 5082 1611 5198 ad
1632 5080 1805 5166 eundem
1817 5075 2032 5284 §latinam

1799 5199 2031 5313 rponsrva,
