4990 6268
504 743 604 838 3744
707 795 710 804 ·
1203 781 1204 784 ¹
1438 773 1445 796 ··

1107 943 1416 1064 CCCXX.
1563 968 1594 1066 ,’
1644 967 1648 974 ’

544 1107 662 1189 Codex
679 1109 964 1192 membranaceus
984 1113 1024 1193 in
1038 1119 1111 1218 4²³,
1128 1113 1231 1222 cuju's
1242 1119 1372 1222 prima
1384 1131 1478 1224 pars
1483 1109 1605 1222 sendo
1619 1110 1681 1194 xii
1693 1127 1851 1224 exorato
1870 1103 2041 1212 eontinet,

552 1255 585 1309 1.
617 1228 874 1311 Uberrimam
906 1233 1184 1318 collectionem
1220 1233 1449 1318 sermonum
1482 1233 1549 1316 seu
1574 1233 1843 1318 homeliarum
1876 1235 1920 1319 in
1954 1235 2039 1320 dies

615 1344 747 1442 festos,
769 1351 843 1429 διε.
1233 1353 1234 1357 ’

614 1467 679 1546 Ex
700 1469 739 1547 S.
753 1467 956 1574 Augustino
967 1473 1155 1584 precipue.

612 1589 659 1665 In
666 1587 828 1691 stranda
841 1589 1079 1700 porlestcolo
1098 1587 1315 1702 oiiscrr'pta
1334 1591 1581 1692 continentur,

545 1729 581 1786 2.
612 1707 770 1816 Corpus
800 1734 1005 1800 canonum
1037 1712 1371 1820 Anglicanorum,
1405 1710 1612 1796 Theodori
1650 1727 1693 1794 ut
1728 1709 1881 1794 videtur
1910 1707 2038 1794 libii.

476 1927 478 1934 y
611 1820 762 1936 quorum
780 1827 950 1912 rubricas
968 1831 1109 1913 lectoris
1128 1833 1169 1912 in
1183 1835 1353 1940 gratiam
1372 1831 1532 1942 apposui.

1107 1962 1228 2046 Liber
1247 1963 1417 2075 primus.

611 2079 644 2159 I.
665 2081 726 2160 De
746 2081 906 2192 crapuIa
927 2099 966 2164 et
985 2080 1186 2166 ebrietate.

611 2201 664 2279 II.
686 2203 748 2281 De
768 2199 1047 2286 fornicatione.

611 2321 683 2402 111.
705 2323 767 2402 De
787 2321 952 2406 avaritia
971 2322 1135 2408 furtiva.

609 2443 681 2523 IV.
702 2445 765 2523 De
783 2443 976 2527 occifione
995 2445 1225 2530 hominum.

609 2563 661 2643 V.
682 2567 744 2644 De
765 2561 826 2646 his
847 2565 917 2676 qui
937 2593 1009 2676 per
1028 2567 1180 2651 heresin
1199 2563 1471 2681 decipiuntur.

607 2685 679 2764 VI.
700 2687 762 2786 De
782 2684 974 2794 perjurio.
1152 2784 1155 2792 ,

605 2807 699 2887 VII.
723 2807 783 2886 De
803 2808 941 2889 multis
962 2826 1001 2890 et
1020 2807 1178 2893 diversis
1200 2810 1313 2894 malis
1335 2825 1486 2920 etqua
1506 2831 1592 2890 non
1611 2820 1760 2890 nocent
1778 2803 2008 2891 necessaria.

607 2927 719 3008 VIII.
742 2931 802 3007 De
822 2929 972 3011 diverso
992 2931 1102 3041 lapsu
1124 2931 1324 3016 servorum
1346 2933 1436 3015 Dei.

605 3049 677 3132 IX.
699 3050 761 3129 De
782 3043 843 3128 his
865 3050 935 3159 qui
954 3051 1230 3158 degraduntur
1248 3055 1309 3134 vel
1329 3051 1506 3137 ordinari
1525 3079 1608 3134 non
1630 3049 1804 3163 poIsunt.

605 3169 658 3250 X.
680 3171 742 3251 De
762 3167 1054 3278 baptizatisbis
1076 3174 1247 3282 qualiter
1265 3171 1485 3284 peniteant.

602 3291 676 3372 XI.
699 3292 761 3372 De
781 3289 841 3370 his
863 3289 933 3399 qui
958 3291 1156 3374 damnant
1176 3292 1422 3374 dominicam
1441 3310 1481 3374 et
1510 3289 1662 3376 indicta
1688 3289 1840 3400 jejunia
1859 3289 2028 3409 ecclelia

697 3408 786 3490 Dei.

602 3532 696 3613 XII.
717 3533 780 3611 De
798 3529 1087 3615 communione
1105 3531 1335 3618 eucharista
1352 3535 1414 3616 vel
1434 3532 1637 3619 sacrificio.

602 3652 716 3730 XIII.
740 3647 800 3729 De
820 3652 1155 3734 reconciliatione.
1253 3661 1258 3670 '

602 3771 714 3852 XIV.
735 3773 797 3850 De
817 3769 1037 3881 penitentia
1057 3772 1300 3862 nubentium
1322 3772 1550 3886 specialiter.

566 3891 570 3898 ’
600 3895 692 3975 XV.
713 3893 776 3975 De
795 3897 953 3978 cultura
974 3893 1188 3978 idolorum.

1074 4028 1197 4110 Liber
1215 4025 1422 4112 secundus.

482 4181 486 4186 ·
599 4148 631 4225 I.
652 4149 713 4226 De
734 4143 900 4228 ecclefiae
921 4144 1154 4232 ministerio.
1310 4233 1319 4262 ,Ι

599 4267 651 4346 ΙΙ.
673 4269 734 4346 De
754 4265 882 4353 tribus
902 4266 1093 4375 gradibus
1115 4266 1281 4350 ecclesiae
1300 4267 1603 4380 principalibus.

597 4387 671 4468 111.
693 4389 755 4466 De
774 4387 1026 4469 ordinatione
1045 4388 1302 4473 diversorum.

598 4508 670 4588 IV.
692 4507 753 4586 De
772 4503 1007 4612 baptismate
1025 4525 1063 4585 et
1083 4507 1402 4593 confirmatione.

595 4629 646 4706 V.
668 4627 730 4706 De
750 4621 859 4706 missa
878 4621 1179 4710 defunttorum.

597 4750 751 4836 VI.De
771 4746 982 4830 abbatibus
1003 4769 1042 4830 et
1062 4747 1269 4832 monachis
1289 4751 1352 4833 vel
1372 4749 1626 4836 monasterio.
1843 4873 1924 4954 VH
1956 4872 1996 4955 D

1395 4907 1397 4912 ,
1926 4935 1935 4955 .
1998 4901 2020 4956 e

792 5177 982 5263 CCCXX.]
999 5180 1062 5250 Vct.
1080 5183 1146 5249 Cot.
1164 5179 1210 5247 T.
1225 5201 1257 5282 .¹·
1274 5181 1371 5250 MSS.
1386 5184 1470 5267 Angl.
1492 5183 1683 5270 1548··281.
