5058 6274
1058 745 1372 858 CCCXLIII.
1916 775 2013 873 357

534 961 569 1018 ι.
597 931 801 1044 Radulphi
818 931 935 1044 Nigri
949 933 1169 1020 chronicon
1183 935 1236 1016 de·
1248 933 1331 1016 vita
1345 948 1384 1016 et
1399 928 1496 1016 adis
1515 928 1805 1042 imperatorum
1820 943 1860 1017 et
1877 957 2019 1044 regum

597 1055 756 1163 Angliae
775 1072 814 1138 et
833 1056 1023 1142 Franciae.
1731 1123 1734 1130 -

528 1205 566 1258 2.
595 1176 828 1262 Chronicon
845 1181 893 1260 de
910 1195 1016 1264 terra
1033 1179 1181 1276 sanda,
1190 1182 1259 1292 stu
1277 1179 1326 1260 de
1346 1176 1532 1290 captione
1552 1174 1814 1262 Hierusalem.

1045 1387 1445 1505 CCCXLIV.

524 1549 639 1634 Codex
656 1552 938 1634 membranaceus
953 1555 993 1634 in
998 1555 1108 1662 filio,
1117 1553 1238 1664 seculo
1253 1553 1323 1634 xiv
1329 1553 1505 1663 scriptus,
1527 1551 1567 1632 in
1587 1581 1651 1661 quo
1668 1531 1909 1632 conlinenturz
1987 1583 1989 1588 ’

523 1671 647 1754 Varia
665 1675 785 1784 opera
805 1673 959 1756 Aurelii
978 1673 1195 1784 Augustini
1215 1673 1485 1784 Hipponensrs
1505 1669 1689 1782 episcopi,
1708 1673 1792 1752 viz.

530 1822 564 1877 1.
595 1795 831 1902 Qestiones
847 1794 1047 1904 sexaginta
1060 1794 1240 1908 quinque
1256 1795 1386 1878 Orosri
1400 1792 1601 1905 presbiteri
1616 1809 1655 1874 et
1670 1791 1838 1874 totidem
1854 1785 2023 1900 respon--

594 1917 720 1998 fiones
741 1916 972 2025 Augustini.

527 2065 564 2122 2.
594 2042 658 2122 De
678 2037 772 2119 osio
790 2037 959 2122 Dulcitii
978 2036 1266 2149 questionibus.

525 2191 563 2272 3.
592 2165 656 2244 De
675 2159 845 2244 videndo
867 2167 956 2244 Deo
974 2164 1023 2244 ad
1044 2161 1269 2244 Paulinam.

522 2312 564 2389 4.
593 2281 966 2366 Commonitorium
987 2287 1039 2367 ad
1055 2287 1088 2366 F
1090 2282 1398 2368 ortunatianum
1419 2281 1634 2368 siccensem
1652 2278 1904 2393 episcopum..

525 2433 564 2513 g.
594 2407 657 2488 De
674 2405 883 2488 duodecim
905 2404 1086 2488 abufivis.
1229 2501 1239 2513 ,

527 2529 565 2608 6.
594 2529 657 2608 De
676 2527 799 2608 unico
817 2527 1013 2638 baptismo
1032 2543 1174 2610 contra
1191 2525 1467 2610 Peculianum.

525 2677 563 2758 7.
594 2647 905 2758 Soliloquorum,
930 2649 1001 2732 lib.
1011 2647 1053 2732 ii.

527 2773 571 2854 8..
595 2773 659 2854 De
676 2768 978 2854 immortalitate
998 2769 1164 2856 animae.

526 2923 564 3001 9.
593 2896 657 2975 De
674 2893 829 2975 duabus
852 2893 1078 2976 animabus.
1184 2901 1188 2910 '

531 3041 601 3096 ro.
623 3017 690 3096 De.
704 3033 852 3098 natura
871 3032 911 3098 et
930 3014 1084 3124 origine
1103 3013 1248 3096 animae
1269 3012 1324 3094 ad
1339 3017 1556 3098 Renatum.

532 3125 598 3216 11.'
624 3123 802 3244 Epistola
821 3138 870 3218 ad
891 3141 1056 3219 Petrum
1076 3135 1333 3246 presbiterum
1353 3135 1555 3216 decadem
1575 3158 1633 3215 re.

530 3284 592 3339 12.
622 3256 687 3338 Ad
705 3257 966 3340 Vincentium
986 3260 1035 3339 de
1054 3257 1188 3338 eadem
1210 3281 1263 3351 re,
1283 3255 1352 3336 lib.
1365 3255 1407 3337 ii.

531 3409 593 3488 13·
623 3382 685 3460 De
703 3377 929 3488 quantitate
946 3379 1092 3462 animae
1109 3377 1304 3484 dialogus.

532 3530 593 3604 14.
622 3503 685 3580 De
703 3501 836 3584 decern
859 3502 1001 3586 cordis

533 3649 593 3728 15·
623 3623 760 3701 Sermo
777 3621 819 3702 in
839 3621 1036 3729 parochiis
1057 3620 1147 3702 satis
1166 3616 1424 3702 necessarius..

534 3745 607 3828 16..
624 3783 760 3808 --
783 3744 831 3825 de
848 3741 1010 3826 decimis
1031 3741 1263 3824 reddendis..
1410 3799 1419 3816 .

534 3893 595 3972 17.
624 3909 758 3974 .·····
780 3865 828 3945 de
846 3863 1046 3947 ebrietate.

535 3989 596 4070 18.
624 4029 757 4052 -·-
781 3987 829 4068 de
848 3987 983 4070 eadem
1003 4015 1070 4070 re..

472 4285 2022 4324 w

527 4397 761 4484 CCCXLIV.]
777 4401 840 4470 Ver.
857 4404 921 4468 dar.
943 4421 1035 4488 1-3.
1051 4399 1147 4466 MSS.
1160 4397 1244 4480 Argi.
1265 4415 1457 4484 ¹571··304·

529 4503 580 4590 5.]
594 4504 663 4572 Vrde
676 4502 782 4568 CVII.
803 4525 841 4570 12
856 4503 976 4570 CLIV.
994 4525 1047 4592 33.
1064 4499 1269 4569 chxvu.
1291 4501 1339 4570 18.

530 4611 581 4692 6.]
593 4609 668 4678 'Vide
682 4606 801 4674 CLIV.
817 4611 871 4692 46.

528 4715 578 4801 9.]
595 4713 664 4782 Vrde
678 4709 839 4776 XXXIV.
856 4712 908 4779 26.
925 4707 1046 4776 CLIV.
1062 4729 1114 4796 24.

532 4815 599 4898 ια]
617 4815 685 4885 Vide
700 4811 884 4879 CCCXVI.
905 4835 955 4901 19.

530 4914 956 5002 11·]VrdeCCCXV1.20.
1015 4924 1018 4932 '

533 5023 601 5105 12.]
618 5023 688 5090 Vide
702 5018 886 5086 CCCXVI.
903 5040 965 5086 21..

533 5129 602 5215 14·]
620 5130 688 5198 Vua
701 5123 886 5193 CCCXVI.
907 5145 960 5191 12.·

534 5231 685 5326 ¹2:11⁶&
698 5227 907 5298 CCXXVII.
926 5245 976 5314 15,-
