4980 6264
512 757 577 849 60
1164 729 1423 849 fnxxxv.

557 931 750 1016 Iohannis
784 929 1096 1044 [Friburgensn]
1131 931 1291 1018 lenonis
1319 935 1526 1046 speculum
1557 939 1633 1023 five
1662 941 1819 1032 summa
1850 951 2048 1040 confeffo·

502 1057 770 1156 anan.
980 1271 984 1278 .
1094 1169 1452 1287 Lxxxvn

557 1330 676 1412 Codex
692 1327 979 1413 membranaceus
997 1332 1155 1438 infolio,
1162 1332 1283 1438 stculo
1301 1335 1547 1444 xiistriptus,
1567 1339 1609 1418 in
1626 1369 1693 1447 quo
1710 1344 1929 1444 continetur,

555 1451 716 1532 Rabani
738 1451 911 1560 [Mauri]
934 1451 1127 1562 exposltio
1145 1449 1261 1561 super
1279 1453 1532 1564 evangelium
1551 1461 1756 1561 Matthaei,
1774 1462 1844 1546 lib.
1865 1465 1946 1548 viii.

557 1581 584 1618 “
603 1570 725 1654 Liber
742 1573 891 1655 Sentice
908 1573 1056 1656 Merite
1073 1571 1296 1655 Rievallis.”

1076 1768 1472 1888 LXXXVII.

556 1923 676 2006 Codex
692 1925 980 2007 membranaceus
1000 1922 1041 2005 in
1047 1926 1160 2036 stelio,
1167 1927 1289 2038 seculo
1306 1929 1385 2010 xiii
1400 1943 1588 2026 exoratus,
1608 1931 1650 2012 in
1667 1957 1733 2038 quo
1752 1932 1969 2033 continetur,

554 2044 720 2129 RaduIfi
740 2044 929 2132 monachi
947 2047 981 2128 F
981 2045 1207 2130 laviacenns
1228 2045 1420 2157 expofitio
1438 2047 1484 2132 in
1502 2049 1743 2150 Leviticum,
1762 2049 1832 2134 lib.
1852 2077 1918 2138 xx.

1056 2249 1485 2366 LXXXVIII.

554 2397 671 2483 Codex
688 2401 976 2485 membranaceus
993 2406 1151 2516 infolio,
1159 2407 1281 2516 stculo
1299 2407 1525 2517 inscriptus,
1546 2407 1587 2486 in
1605 2433 1670 2512 quo
1689 2409 1907 2509 continetur,

553 2521 746 2606 Claudius
766 2523 952 2607 Clemens
972 2524 1162 2636 preibiter
1179 2525 1223 2608 in
1243 2527 1493 2635 evangelium
1514 2522 1716 2621 Matthaei,¹
1735 2525 1806 2608 lib.
1824 2526 1882 2609 iii.

1083 2729 1460 2847 LXXXIX.
1600 2821 1601 2826 .

554 2880 673 2964 Codex
691 2879 978 2964 membranaceus
996 2885 1155 2998 infolio,
1162 2888 1284 2996 siculo
1302 2886 1372 2966 xiv
1378 2888 1560 2997 scriptus,
1579 2883 1621 2963 in
1639 2909 1706 2990 quo
1724 2881 1942 2978 continetur,

551 2999 760 3110 Expofifio
790 3001 952 3083 moralis
983 3005 1175 3117 Stephani
1202 3009 1253 3087 de
1281 3009 1522 3114 Langetune
1552 2999 1831 3110 archiepiscopi
1864 3005 2045 3082 Cantua-

498 3117 632 3202 rienfis
661 3119 705 3202 in
730 3122 959 3229 Jererniam,
988 3125 1332 3223 Lamentationes,
1361 3122 1560 3221 Ezechiel,
1590 3116 1771 3216 Esdram,
1799 3117 2044 3201 Nehemiarn

499 3258 539 3324 et
558 3241 659 3324 duos
679 3242 800 3326 libros
821 3245 1192 3330 Macchabaeorum.

554 3375 581 3413 ‘⁴
600 3363 721 3448 Liber
738 3365 886 3449 Sancte
904 3368 1051 3450 Maria
1067 3368 1111 3450 de
1129 3369 1349 3482 eng-estate?

1204 3553 1342 3674 XC.

552 3711 669 3793 Codex
687 3711 974 3796 membranaceus
992 3717 1149 3826 infolio,
1159 3717 1280 3826 seculo
1298 3743 1354 3798 xv
1361 3713 1541 3822 scriptus,
1563 3711 1604 3794 in
1623 3738 1689 3820 quo
1706 3707 1926 3804 continetur,

553 3831 727 3916 Thomae
746 3836 920 3916 Walden
939 3837 1154 3920 carmelitae
1173 3834 1393 3922 doetrinae
1411 3830 1669 3936 ecclesnaeſsve
1687 3827 1881 3912 tractatus
1901 3843 2044 3910 contra

498 3954 648 4094 Increses
667 3955 830 4040 Ioannis
844 3954 1007 4040 Wicliff
1018 3975 1057 4040 et
1076 3955 1240 4040 Ioannis
1260 3953 1502 4040 Ouldcastell
1519 3953 1570 4036 ad
1589 3949 1818 4036 Mancinum
1837 3975 1984 4059 papam
2003 3975 2041 4045 v,

498 4079 732 4281 llbithoo
750 4199 897 4280 initiali
913 4199 1036 4307 princi
1054 4199 1146 4281 iibri
1164 4198 1379 4310 depingitur
1397 4195 1526 4306 effigies
1544 4192 1685 4278 autoris
1703 4187 1884 4300 offerentis
1907 4185 2045 4270 librurn

489 4324 602 4434 strum
616 4319 768 4431 genibus
773 4320 888 4430 flexis
894 4321 1036 4427 summo
1046 4321 1241 4432 pontifici:
1270 4318 1471 4427 defientsex
1487 4317 1614 4426 capito
1631 4313 1723 4470 libri
1739 4309 1887 4510 quggi
1929 4423 2049 4510 eadm

557 4729 769 4812 LXXXVI]
787 4731 850 4800 Vct.
866 4733 932 4797 Cot.
949 4727 1000 4794 Μ.
1016 4751 1048 4813 4.
1065 4731 1162 4800 MSS.
1178 4731 1262 4814 Argi.
1283 4747 1483 4815 1420-143.

555 4825 782 4908 Lxxxvn.]
800 4828 863 4896 Ver.
878 4829 948 4892 Cat.
964 4824 1015 4890 M.
1033 4849 1062 4914 7.
1080 4826 1178 4894 MSS.
1195 4826 1279 4908 Angl.
1298 4843 1487 4907 14²4··147·

556 4923 800 5006 LXXXVIII.]
816 4924 879 4993 Vct.
896 4923 962 4988 Cot.
979 4921 1029 4987 M.
1046 4945 1078 5010 ς.
1095 4921 1193 4990 MSS.
1209 4921 1296 5002 Ange.
1316 4919 1514 5003 1418-141.

556 5017 770 5101 LXXXIX]
787 5018 850 5088 Ver.
867 5019 932 5082 Cot.
950 5017 1000 5082 M.
1017 5019 1047 5084 S.
1065 5019 1160 5086 MSS.
1176 5017 1262 5099 Angl.
1280 5034 1470 5102 uun-145.

555 5113 767 5196 Lxxxlx.]
784 5114 853 5184 Vnde
867 5111 996 5178 XXXI.
1011 5111 1084 5178 LV.
1100 5109 1221 5178 LVIII.
1238 5109 1360 5178 CCIV.

559 5208 652 5296 ΧΩ]
669 5209 732 5282 Vct.
747 5211 813 5278 cn.
829 5207 879 5278 Μ.
898 5229 929 5296 3.
944 5207 1041 5277 MSS.
1055 5209 1140 5293 Angl.
1160 5225 1352 5294 1419··142.
