5036 6264
490 749 586 872 136
1201 747 1381 866 oxrn.

505 1027 509 1036 ⁸
536 955 603 1037 27.
635 933 701 1011 An
721 927 840 1010 deleri
861 925 1022 1037 possunt
1042 954 1216 1038 quorum
1239 928 1312 1009 usu
1333 925 1377 1008 in
1397 923 1686 1038 superstitione,
1708 929 1781 1008 dcc.
1805 948 1847 1040 p.
1868 957 1960 1037 207.
1981 931 2017 1012 b.

537 1052 603 1134 28.
634 1052 864 1144 TradtatuS,
891 1048 1000 1156 quod
1019 1047 1255 1132 reformatio
1275 1048 1371 1130 sacri
1390 1047 1598 1132 ministerii
1617 1049 1717 1130 dum
1738 1049 1839 1131 illud
1858 1051 2030 1164 episcopi

633 1191 676 1254 et
695 1167 896 1284 presbiteri
927 1168 1153 1278 negligunt,
1184 1172 1234 1252 ad
1254 1195 1356 1280 quos
1377 1195 1469 1250 cum
1502 1167 1643 1280 primis
1672 1169 1847 1279 pertinet
1867 1171 2031 1254 ecclesiis

635 1291 704 1374 sua
736 1289 877 1372 munia
907 1288 1138 1388 instaurare,
1171 1289 1248 1372 illis
1278 1289 1485 1399 competit,
1517 1289 1587 1398 qui
1618 1287 1662 1371 in
1690 1317 1739 1371 eo
1768 1293 1937 1402 populo,
1967 1289 2034 1372 cui

637 1412 792 1495 sacrum
813 1409 1078 1494 ministerium
1099 1412 1388 1496 restituendum
1410 1411 1478 1506 est,
1508 1410 1744 1518 potestatem
1764 1411 1886 1522 gladii
1905 1412 2035 1498 admi·

634 1535 807 1617 nistrant
826 1551 866 1614 et
885 1560 969 1614 non
989 1531 1146 1629 Caesari,
1173 1531 1246 1616 nist
1264 1531 1324 1614 illi
1344 1529 1523 1613 officium
1553 1531 1628 1612 hac
1647 1530 1692 1614 in
1711 1557 1752 1614 re
1771 1533 1888 1616 suum
1906 1533 2036 1644 negli-

664 1673 747 1752 ant‚
804 1681 924 1761 .209.

541 1804 608 1885 29.
634 1683 703 1857 ise
723 1672 1015 1882 figitificatione
1036 1771 1144 1856 verbi
1162 1789 1343 1894 προσφερω
1362 1789 1402 1856 et
1420 1789 1655 1894 npepqopusa
1673 1799 1745 1884 per
1763 1771 2033 1862 Laurentium

640 1892 923 1990 Oxonienscm,
948 1912 988 2002 p.
1006 1919 1098 2000 229.

538 2041 609 2128 30.
639 2020 706 2097 An
737 2013 853 2096 liceat
881 2013 1052 2122 recipere
1072 2011 1137 2094 seu
1167 2011 1371 2096 restituere
1390 2010 1431 2093 in
1453 2011 1620 2096 ecclesiis
1652 2012 1795 2096 nostris
1816 2013 2035 2127 adiaphora

636 2135 702 2246 spe
717 2133 984 2244 impetrandae
1012 2129 1134 2244 pacis,
1164 2150 1204 2214 et
1224 2133 1299 2216 hac
1319 2129 1593 2242 qualicunque
1614 2134 1890 2216 moderatione
1919 2137 2032 2220 miti-

635 2255 759 2366 gandi
777 2255 880 2338 iram
899 2251 1166 2364 imperatoris,
1195 2281 1247 2336 nc
1266 2253 1424 2366 prorsus
1444 2256 1615 2366 expellat
1635 2281 1683 2336 ex
1697 2255 1869 2339 ecclesris
1889 2257 2034 2344 nostris

510 2483 515 2492 Ι
637 2375 726 2488 pios
745 2375 933 2486 pastores,
955 2391 998 2485 p.
1017 2400 1110 2480 232.

540 2525 611 2608 31.
639 2497 819 2610 Epistola
837 2499 886 2578 de
904 2499 1043 2578 eadem
1061 2523 1119 2593 sc,
1141 2511 1183 2604 p.
1202 2522 1296 2602 233.

539 2647 609 2730 32.
637 2615 854 2702 Instrudtio
873 2615 1159 2726 inquisrtorum
1178 2613 1379 2700 inferioris
1395 2613 1639 2716 Germaniae,
1661 2631 1842 2727 tempore
1861 2617 2035 2730 impera-

641 2739 738 2824 toris
757 2737 893 2822 Caroli
912 2741 963 2820 V.
985 2757 1028 2848 p.
1047 2765 1096 2848 23
1105 2765 1141 2846 5.
1649 2791 1654 2798 -

541 2889 610 2977 33.
638 2859 817 2972 Epistola
835 2857 977 2968 Jacobi
992 2859 1131 2942 Caroli
1145 2858 1319 2942 Sadoleti
1337 2856 1507 2970 episcopi
1528 2861 1763 2970 Carpentor.
1783 2859 1833 2941 ad
1851 2863 1894 2942 P.
1907 2865 2037 2946 Caro-

639 2987 727 3068 lum
739 2983 832 3064 data
844 2979 1150 3090 Carpentoradli
1168 3009 1212 3086 13
1228 2981 1307 3061 kal.
1319 2988 1420 3090 Apr.
1438 3008 1557 3088 1539,
1573 2982 1621 3060 de
1632 2981 1881 3090 purgatorio,
1889 3001 2034 3092 p.243.

537 3133 610 3222 34.
639 3104 857 3190 Trasiatus
889 3099 1081 3214 Stephani
1110 3098 1310 3182 Gardiner
1338 3099 1511 3211 episcopi
1534 3099 1725 3196 Winton,
1755 3103 1805 3182 ad
1835 3105 2035 3198 Bucerum

634 3223 820 3338 scriptus,
850 3223 893 3306 in
914 3250 998 3334 quo
1023 3220 1193 3332 probare
1211 3238 1395 3320 conatur,
1425 3237 1706 3330 contemptum
1728 3221 1917 3305 humanae
1938 3222 2035 3332 legis

635 3348 742 3456 justa
770 3344 986 3429 autoritate
1018 3345 1110 3424 latae
1141 3340 1301 3449 gravius
1328 3363 1367 3425 et
1394 3341 1561 3427 severius
1590 3341 1878 3427 vindicandum
1910 3373 2035 3456 quam

630 3467 783 3550 divinae
801 3465 898 3574 legis
917 3463 1240 3574 qualemcunque
1258 3461 1614 3572 transgressionem,
1639 3481 1680 3571 p.
1697 3491 1719 3544 2
1725 3492 1748 3571 ς
1753 3493 1790 3572 5.

544 3621 565 3700 3
575 3617 611 3700 5.
640 3595 709 3670 An
729 3585 845 3668 liceat
863 3583 1046 3695 episcopo
1066 3598 1137 3664 aut
1157 3575 1360 3682 sacerdoti,
1391 3583 1480 3694 post
1504 3585 1742 3695 ademptum
1761 3584 2036 3696 episcopatum

639 3726 711 3796 aut
725 3706 1009 3802 sacerdotium,
1028 3703 1172 3786 ducere
1191 3707 1389 3787 uxorem?
1418 3703 1640 3815 effrenatur,
1661 3723 1707 3815 p.
1725 3731 1818 3815 275.

546 3837 612 3944 36.
642 3825 837 3938 Pracipui
858 3825 1022 3937 quidam
1045 3823 1387 3935 anabaptistarum
1407 3852 1572 3923 errores,
1594 3845 1637 3936 p.
1657 3853 1750 3936 279.
1772 3823 1863 3935 289.

545 3981 613 4066 37.
642 3948 821 4062 Epistola
842 3949 872 4028 Ι.
890 3944 1068 4042 Acontii,
1095 3943 1137 4028 in
1161 3973 1243 4055 qua
1261 3943 1441 4028 defendit
1460 3943 1695 4056 opinionem
1714 3945 1826 4031 suam
1846 3947 1890 4030 in
1911 3952 2036 4034 eccle-

640 4067 791 4154 siastico
811 4065 950 4148 senatu
978 4065 1141 4147 allatam
1170 4065 1219 4146 de
1246 4062 1404 4146 diverfis
1424 4061 1782 4174 significationibus
1802 4069 1973 4176 restmen
1992 4070 2036 4152 in

641 4188 756 4271 sacris
777 4183 978 4296 scripturis
1000 4210 1092 4266 eum
1120 4182 1229 4265 notis
1248 4183 1494 4266 refutatoriis
1515 4181 1688 4293 margini
1710 4184 1851 4296 passrm
1870 4187 2037 4300 inscrip-

642 4307 694 4391 tis
717 4327 759 4416 p.
779 4305 872 4388 281.

545 4430 613 4546 38.
641 4429 733 4512 The
771 4453 899 4510 errors
937 4425 988 4508 os
1018 4424 1088 4507 the
1125 4421 1426 4535 anabaptistical
1459 4421 1642 4508 dodlrine
1678 4427 1907 4539 wourthely
1938 4453 2037 4510 con-

638 4546 838 4658 dempned
853 4541 901 4626 os
917 4545 984 4627 the
999 4545 1173 4628 churche
1187 4543 1235 4628 of
1251 4547 1359 4643 God,
1379 4543 1418 4628 if
1431 4546 1542 4630 there
1560 4548 1610 4630 be
1625 4574 1705 4660 any
1719 4577 1761 4633 as
1782 4569 1847 4660 yet
1862 4547 2038 4632 infested

641 4668 744 4752 with
762 4669 888 4766 thern,
918 4669 999 4748 and
1017 4695 1077 4750 we
1100 4665 1220 4776 being
1240 4667 1441 4750 followers
1460 4669 1510 4752 of
1535 4670 1603 4753 the
1620 4668 1725 4752 same
1745 4671 1919 4758 churche
1938 4698 2038 4756 con·

633 4794 786 4881 demne
805 4791 917 4874 them
938 4789 1031 4886 also,
1055 4808 1098 4898 p.
1116 4815 1208 4896 291.

539 4944 613 5030 39.
643 4907 821 5023 Epistola
852 4913 918 5022 [ut
938 4911 1094 4994 videtur
1113 4911 1273 5021 Buceri]
1305 4915 1355 4995 ad
1375 4913 1564 4998 Chekum
1592 4917 1640 4997 de
1659 4916 1839 5024 quodam
1867 4913 2038 4998 domino

633 5033 805 5154 Jungio,
826 5034 898 5146 qui
913 5031 1073 5147 publice
1090 5034 1324 5145 praelegerat
1341 5033 1386 5118 in
1404 5034 1582 5146 priorem
1597 5033 1806 5148 epistolam
1826 5037 1877 5122 ad
1892 5035 2039 5124 Timo·

1880 5158 2038 5254 theum,
