5036 6264
519 763 611 864 uo
1260 731 1371 882 cx.

667 965 705 1034 ct
740 949 906 1040 nomina
935 952 1166 1066 reginarum
1203 923 1350 1054 ibidem
1386 963 1646 1082 sepultarum,
1682 989 1822 1064 autore
1851 977 2060 1070 Wiiielmo

663 1071 907 1174 Woddcson,
932 1095 972 1186 p.
991 1103 1083 1186 279.
1895 1102 1901 1112 '

572 1223 632 1286 11.
664 1195 724 1279 De
740 1195 914 1306 quodam
934 1197 1126 1284 miraculo
1143 1200 1283 1316 inhgni
1301 1205 1460 1318 gloriosi
1476 1211 1662 1304 antistitis
1680 1217 1892 1319 Swithuni,
1908 1243 1949 1338 p.
1965 1227 2014 1312 28
2020 1257 2056 1340 5.

664 1313 831 1398 Continet
863 1312 1047 1422 historiam
1077 1325 1220 1406 Enna
1252 1329 1384 1414 ›notris
1417 1333 1606 1420 Edwardr‘
1633 1337 1845 1452 corfiſjoris,
1883 1373 1964 1458 qncr
1989 1367 2061 1460 per

655 1461 790 1518 nouem
809 1461 966 1520 vomeres
985 1439 1171 1526 condentes
1189 1445 1303 1554 r'llaefh
1322 1450 1465 1558 r'ncesp't.

572 1579 633 1645 12·
665 1555 815 1638 Charta
833 1555 1017 1642 Edwardi
1034 1561 1064 1642 1.
1085 1563 1260 1648 concessa
1279 1571 1444 1656 ecclesiae
1465 1573 1640 1662 Winton
1660 1579 1907 1666 confirmans
1928 1601 2056 1672 cartas

662 1671 854 1757 Iohannis
871 1691 909 1756 ct
924 1675 1089 1762 Henrici
1106 1681 1177 1768 ΙΙΙ.
1199 1709 1289 1796 qum
1307 1686 1526 1780 recitantur
1544 1721 1614 1805 per
1630 1697 1888 1810 inspeximus,
1904 1719 1945 1810 p.
1961 1703 2053 1812 287.

574 1821 587 1884 1
599 1822 636 1906 3.
665 1793 780 1877 Bulla
800 1794 1027 1882 Innocentii
1051 1825 1166 1920 pnpae
1186 1803 1430 1896 confirmans
1451 1813 1656 1930 privilegia
1675 1819 1841 1906 ccclesue
1863 1822 2053 1926 Winton,

654 1931 735 2028 ro
767 1941 804 2022 4·
839 1939 841 1943 ·

570 2065 630 2148 14.
664 2039 722 2122 De
738 1943 893 2122 icciefia
914 2039 950 2122 8.
965 2036 1163 2128 Swithuni
1179 2043 1367 2150 Winton,
1388 2057 1498 2166 quod
1520 2071 1632 2140 vetus
1648 2058 1744 2146 oiim
1766 2062 2054 2158 nominabatur

658 2154 896 2252 cenobium
927 2159 975 2242 de
995 2179 1136 2272 quarta
1157 2163 1327 2252 mirabili
1349 2187 1387 2254 et
1413 2173 1557 2256 ultima
1583 2175 1883 2266 introductione
1908 2213 2052 2274 mona-

660 2277 830 2366 chorum
863 2275 1011 2366 ibidem
1046 2282 1152 2368 satta
1184 2313 1294 2370 anano
1324 2290 1461 2398 gratiae
1490 2299 1584 2400 967,
1619 2299 1866 2408 temporibus
1901 2307 2051 2416 Edgari

511 2477 529 2498 „
660 2399 762 2508 regis
782 2395 937 2510 pacifici
956 2419 994 2484 et
1014 2403 1052 2484 S.
1072 2405 1270 2490 Dunstani
1290 2410 1565 2524 archipresulis
1587 2417 1780 2500 Cantnar.
1796 2421 1872 2522 sol.
1891 2449 1984 2532 297.

570 2546 630 2630 15·
659 2522 785 2602 Carta
804 2516 950 2628 Edgari
982 2518 1083 2628 regis
1113 2523 1267 2633 pacifici
1299 2557 1371 2640 pro
1400 2533 1658 2618 renovatione
1682 2557 1796 2624 terrae
1825 2543 1874 2622 de
1895 2545 2050 2632 Chilte-

610 2659 613 2665 ·
659 2640 803 2726 cumbe
823 2657 861 2722 et
881 2667 955 2756 pro
976 2640 1318 2734 reintrodnhtione
1341 2651 1647 2750 monachorum,
1670 2672 1712 2763 p.
1732 2681 1825 2764 299.

568 2763 629 2850 16.
661 2761 776 2846 Bulla
806 2761 967 2845 Ioannis
997 2791 1106 2872 papae
1132 2769 1244 2852 x111.
1276 2773 1324 2850 de
1354 2769 1653 2854 intr·odu6iione
1683 2780 1976 2867 monachornm
2007 2783 2049 2874 in

654 2882 851 2968 ecciesram
874 2887 910 2966 S.
928 2883 1124 2966 Swithuni
1151 2889 1371 2971 Wintoniae
1389 2890 1565 2976 concessa
1584 2897 1633 2980 A·
1650 2898 1703 2979 D.
1722 2899 1815 3004 964,
1840 2919 1883 3008 p.
1900 2929 1994 3020 300.

565 3029 626 3114 17.
655 3005 775 3086 Carta
795 3005 843 3084 de
864 3003 1107 3088 Husbournc
1128 3008 1313 3090 Eriwardi
1334 3008 1509 3106 senioris,
1536 3029 1576 3117 p.
1596 3039 1688 3122 301.

566 3129 626 3214 18.
657 3125 861 3210 Sententia
884 3123 1313 3214 excommunicationis
1344 3132 1424 3214 iata
1452 3131 1492 3212 in
1515 3135 1605 3217 ania
1627 3136 1852 3224 Westmon.
1874 3169 1896 3224 a
1916 3147 2047 3228 Bonc-

654 3247 759 3329 sacio
779 3247 1071 3358 archiepiscopo
1092 3253 1285 3332 Cantuar.
1308 3255 1357 3332 A.
1377 3254 1428 3332 D.
1456 3279 1502 3334 12
1508 3279 1574 3360 50,
1600 3253 1639 3336 in
1661 3259 1820 3368 eosqui
1847 3265 2046 3354 ecclesiam

655 3373 692 3452 S.
712 3369 910 3452 Swithuni
935 3369 1105 3448 Winton
1128 3368 1393 3478 spoliaverint,
1415 3375 1488 3458 &a
1513 3393 1554 3481 p.
1574 3401 1665 3481 30²·
2122 3458 2124 3462 .

562 3521 621 3598 19.
652 3489 780 3597 Copia
812 3517 969 3594 magnae
999 3489 1297 3597 composrtionis
1328 3491 1444 3576 factae
1475 3493 1579 3576 inter
1609 3495 1831 3582 Iohannem
1860 3501 1910 3582 de
1936 3507 2045 3588 Pon·

653 3608 782 3693 aiffa-a
812 3607 947 3690 divina
977 3609 1227 3718 providentia
1254 3611 1483 3724 episcopum
1511 3615 1700 3713 Winton,
1731 3637 1771 3696 ct
1801 3618 1974 3726 priorem
2006 3643 2047 3706 et·

652 3749 897 3812 conventum
919 3729 1381 3834 8.switnu11iWinton,
1403 3735 1510 3850 apud
1532 3738 1756 3818 Ravennam
1780 3745 1828 3817 A.
1846 3741 1898 3823 D.
1926 3743 2043 3850 1284.

677 3913 686 3932 .
737 3879 802 3928 0⁴.

557 3997 620 4060 20.
643 3867 918 4052 {obbianum
947 3968 1246 4080 privilegiorum
1279 3969 1422 4084 prioris
1449 3989 1489 4054 et
1517 3994 1739 4058 conventus
1769 4003 1839 4086 per
1868 3983 2042 4070 cundem

650 4091 882 4200 episcopum,
900 4088 1007 4172 facia
1027 4095 1077 4174 A.
1095 4097 1147 4174 D.
1175 4093 1290 4198 1284,
1314 4110 1355 4202 p.
1376 4121 1467 4199 305.
1892 4211 1893 4216 Ἰ

555 4239 619 4302 21.
650 4210 919 4292 Confirmatio
948 4210 1048 4318 regis
1080 4214 1264 4294 Edwardi
1295 4217 1401 4324 apud
1422 4219 1646 4296 Ravennam
1677 4217 1725 4297 dc
1755 4221 2042 4327 compositione

647 4332 758 4416 facta
776 4332 881 4418 inter
901 4336 1093 4419 Ioannem
1115 4337 1164 4415 de
1184 4336 1401 4418 Pontihcra
1421 4334 1650 4444 episcopum
1672 4337 1846 4418 Winton
1867 4359 1906 4421 ct
1930 4343 2041 4452 prio·

650 4479 733 4536 rem
753 4469 793 4534 ct
813 4472 1058 4534 conventum
1079 4457 1118 4536 S.
1136 4453 1349 4552 Sevithuni,
1372 4474 1414 4565 p.
1434 4481 1526 4561 307.

552 4599 616 4660 22.
646 4573 881 4684 Compofito
911 4571 1018 4655 fasta
1052 4575 1155 4658 inter
1182 4576 1437 4658 Willelmum
1466 4577 1663 4658 Warham
1700 4575 2038 4688 archiepiscopum

649 4694 842 4778 Cantuar.
859 4711 900 4774 et
914 4692 1088 4802 priorem
1104 4715 1143 4776 ct
1157 4719 1402 4780 conventum
1419 4698 1579 4779 ecclesrae
1592 4697 1828 4780 cathedralis
1846 4701 2038 4785 Cantnar.

647 4833 688 4896 ct
715 4814 889 4924 priorem
906 4831 948 4894 ct
964 4835 1212 4896 conventum
1232 4819 1394 4902 ecciesaae
1413 4817 1648 4900 cathedralis
1670 4816 1845 4900 Winton
1872 4817 1919 4896 dc
1940 4845 2038 4902 cura
2128 4901 2130 4906 ,
2246 4821 2251 4830 ’

645 4951 684 5013 ct
704 4932 879 5016 custodia
895 4931 1142 5014 ecciefiarum
1164 4934 1212 5016 de
1226 4938 1431 5022 Estmenes
1452 4958 1490 5029 et
1510 4938 1739 5022 Hameidon
1759 4933 1845 5016 sede
1860 4934 2035 5020 Winton

642 5069 810 5142 vacante
829 5060 880 5142 A.
897 5057 950 5136 D.
973 5081 1089 5168 1531,
1113 5072 1153 5170 p.
1173 5053 1264 5164 308.

684 5197 690 5208 ·
1808 5201 1874 5291 23·
1903 5175 2033 5266 Chro-
