5054 6256
1159 757 1380 854 CLXVI.
1976 789 2000 850 2
2010 785 2035 876 3
2045 787 2069 876 5

684 948 734 1030 de
760 945 945 1030 laudibus
974 941 1065 1044 suis,
1095 945 1140 1028 in
1169 973 1250 1056 qua
1278 945 1387 1030 brevi
1411 947 1577 1030 virtutes
1604 962 1644 1028 et
1670 970 1791 1055 opera
1815 942 1899 1050 ejus
1929 957 2079 1036 narrat,

672 1071 856 1180 fol.·13o.

590 1221 655 1304 3ο.
685 1191 828 1276 Oratio
848 1185 1041 1294 Calaretis
1070 1191 1120 1272 ad
1144 1190 1386 1274 Rodericum
1413 1189 1642 1302 episcopum
1670 1206 1711 1270 et
1734 1187 2005 1282 castellanum,
2036 1184 2080 1267 in

683 1335 766 1424 qua
784 1341 877 1395 eum
896 1312 1119 1424 plurimum
1139 1313 1405 1410 commendat,
1434 1313 1633 1422 signanter
1650 1314 1699 1393 de
1716 1306 1970 1402 humanitate
1987 1335 2080 1416 erga
2204 1393 2206 1396 ,

682 1461 824 1518 omnes
842 1433 944 1516 cives
963 1439 1171 1518 Romanos
1191 1461 1292 1546 quos
1311 1433 1354 1517 in
1371 1434 1441 1518 sua
1459 1435 1579 1517 habet
1597 1431 1790 1529 custodia,
1804 1431 1880 1542 fol.
1899 1457 1990 1539 133.

588 1572 654 1666 31.
682 1555 862 1666 Epistola
880 1556 1097 1666 Augustini
1115 1556 1255 1640 Maffei
1273 1555 1433 1640 Patricii
1457 1557 1508 1638 ad
1526 1554 1768 1638 Rodericum
1789 1551 2018 1664 episcopum
2040 1566 2079 1632 et

686 1677 957 1777 castellanum,
976 1677 1021 1760 in
1039 1705 1121 1788 qua
1138 1705 1232 1763 eum
1252 1679 1389 1760 laudat
1405 1679 1455 1760 de
1470 1677 1656 1760 doslrina
1674 1693 1714 1758 et
1731 1673 1892 1770 virtute,
1914 1671 2078 1784 tandem

682 1789 917 1884 transmittit
935 1799 973 1882 ei
990 1799 1169 1883 libellum
1187 1801 1238 1882 de
1259 1797 1376 1908 gestis
1397 1818 1437 1882 et
1455 1799 1654 1911 opusculis
1672 1795 1846 1905 ejusdem
1864 1792 2033 1906 episcopi
2054 1819 2076 1874 a

687 1921 917 2032 Pomponio
933 1920 1020 2004 uiro
1038 1919 1356 2032 eloquentissimo
1370 1921 1539 2021 editum,
1555 1920 1630 2032 fol.
1652 1947 1742 2029 135.
1888 1957 1892 1968 ·

592 2069 657 2154 32.
686 2043 865 2154 Epistola
881 2041 1053 2150 ejusdem
1070 2043 1258 2126 Roderici
1275 2041 1445 2156 episcopi
1463 2059 1503 2126 et
1520 2041 1717 2126 castellani
1737 2039 1786 2124 ad
1804 2037 1975 2121 eundem
1993 2042 2080 2120 Au-
2161 2100 2165 2108 .

685 2165 906 2274 goslinum,
926 2165 969 2247 in
984 2191 1066 2276 qua
1083 2165 1297 2276 indignum
1312 2164 1421 2248 sealt
1433 2183 1495 2248 tot
1514 2164 1709 2276 preclaris
1722 2161 1923 2258 laudibus,
1942 2157 2081 2268 easque

687 2314 762 2398 pro
777 2285 1001 2370 monitione
1016 2286 1169 2397 recipit,
1189 2307 1238 2370 ut
1252 2285 1341 2371 talis
1360 2285 1408 2370 fit
1423 2290 1582 2398 qualem
1595 2285 1821 2370 describunt
1839 2283 1911 2395 ipsi
1922 2278 2080 2391 Augus-

689 2409 800 2490 tinus
822 2427 862 2490 et
881 2407 1142 2519 Pomponius,
1158 2410 1233 2518 fol.
1254 2411 1343 2518 136.

595 2555 660 2636 33.
690 2529 868 2638 Epistola
896 2529 1201 2638 eloquentissimi
1233 2529 1309 2612 viri
1332 2535 1383 2612 A.
1401 2528 1599 2638 Campani
1630 2529 1679 2610 ad
1710 2533 1762 2610 R.
1777 2533 1822 2610 P.
1839 2523 2082 2610 Rodericum

689 2647 917 2762 episcopum
939 2649 1269 2758 Caliguritanum
1298 2669 1339 2734 et
1368 2651 1638 2747 castellanum,
1670 2649 1713 2734 in
1742 2675 1824 2760 qua
1852 2647 1995 2756 querit
2029 2674 2082 2728 an

688 2769 842 2856 somnia
869 2769 1041 2854 habeant
1062 2770 1213 2881 aliquid
1229 2771 1404 2855 veritatis
1432 2788 1596 2882 propter
1623 2771 1884 2880 antiquorum
1903 2769 2084 2878 exempla

620 2920 628 2942 ⁸
688 2891 837 3001 quibus
855 2891 1001 3000 legitur
1020 2891 1173 2976 somnia
1192 2893 1368 2978 maxima
1385 2891 1524 2974 futura
1545 2890 1834 3002 praenuntialse,
1851 2891 1924 3000 sal.
1945 2891 2032 3000 138.
2051 2973 2054 2982 ,

593 3039 660 3120 34.
689 3013 868 3123 Epistola
885 3012 1070 3096 Roderici
1088 3013 1258 3126 episcopi
1277 3033 1319 3096 et
1342 3013 1539 3097 castellani
1567 3015 1615 3096 ad
1637 3015 1808 3096 eundem
1829 3018 2084 3120 Campanum

688 3133 922 3246 responsura,
944 3133 986 3217 in
1002 3163 1084 3246 qua
1094 3135 1262 3247 pulchra
1274 3136 1323 3218 de
1336 3135 1497 3220 somniis
1513 3135 1686 3232 adducit,
1707 3133 1922 3245 specialiter
1936 3134 2082 3244 septem

523 3273 528 3281 ·
689 3255 823 3338 causas
842 3273 1004 3366 propter
1019 3283 1118 3368 quas
1132 3256 1269 3342 omnia
1284 3257 1437 3340 somnia
1451 3257 1682 3342 hominibus
1698 3256 1897 3351 accidunt,
1905 3257 1980 3368 fill.
1994 3283 2007 3336 1
2018 3285 2084 3364 39.

596 3405 661 3488 35.
688 3377 868 3490 Epistola
891 3376 1096 3488 Campani
1131 3379 1182 3462 ad
1210 3380 1379 3468 eundem
1411 3379 1639 3489 episcopum
1670 3395 1711 3462 et
1740 3379 2010 3474 castellanum,
2042 3377 2086 3458 in

689 3525 774 3607 qua
799 3499 1022 3610 plurimum
1043 3499 1248 3610 epistolam
1278 3501 1551 3612 precedentem
1581 3502 1849 3596 commendat,
1877 3519 1916 3582 et
1931 3498 2085 3582 latetur

690 3621 809 3730 plene
821 3618 1044 3706 ramanae
1064 3620 1308 3712 dubitationi
1328 3623 1406 3712 sue
1423 3649 1517 3734 erga
1535 3621 1688 3712 somnia
1706 3639 1746 3704 et
1764 3620 1926 3707 effodias
1945 3643 2087 3702 eorum

710 3744 754 3830 ol.
774 3771 788 3823 1
829 3801 863 3826 ..

537 3935 539 3940 .
600 3860 665 3968 36.
678 3744 871 3973 sEpistiria
894 3860 1065 3968 ejusdem
1085 3862 1256 3976 episcopi
1274 3879 1313 3946 et
1331 3863 1529 3947 castellani
1553 3866 1603 3946 ad
1621 3867 1792 3948 eundem
1813 3870 2084 3977 Campanum,

693 3983 922 4096 consolatur
939 4011 1033 4067 eum
1058 3985 1334 4096 multipliciter
1360 4003 1525 4098 prepter
1542 3986 1705 4068 carceris
1734 3985 1919 4082 miserias,
1949 4005 1988 4068 et
2016 3989 2095 4068 ad-.
2181 4068 2187 4079 ,

692 4103 805 4188 ducit
822 4087 1014 4188 utilitates
1033 4134 1124 4220 quae
1142 4135 1190 4192 ex
1209 4107 1437 4218 captivitate
1462 4106 1718 4218 proueniunt,
1744 4124 1783 4190 et
1806 4109 1917 4218 quod
1933 4107 2084 4220 sapiens

692 4226 872 4339 captivus
891 4225 1065 4312 essenon
1086 4229 1226 4338 potest,
1242 4231 1317 4340 sol
1337 4257 1426 4336 144.

600 4375 664 4458 37.
693 4348 873 4459 Epistola
886 4348 1066 4459 eiusdem
1070 4351 1268 4461 Campani
1285 4351 1335 4432 ad
1349 4351 1519 4434 eundem
1535 4347 1761 4462 episcopum
1777 4366 1816 4432 et
1830 4349 2085 4444 castellanum

694 4469 739 4554 in
763 4498 956 4581 quaeum
976 4473 1202 4555 commend
1213 4473 1298 4556 tde
1322 4471 1573 4556 humanitate
1592 4490 1630 4555 et
1652 4471 1849 4570 dostrina
1875 4491 1914 4553 et
1932 4473 2087 4556 extollit

694 4590 933 4704 opusculum
961 4621 985 4676 a
1011 4593 1121 4678 dicto
1138 4592 1320 4706 episcopo
1337 4593 1490 4680 editum
1513 4594 1561 4676 de
1588 4593 1810 4680 differentia
1834 4591 2108 4709 ‚principatus

694 4713 945 4826 imperatoris
963 4732 1004 4796 et
1024 4714 1139 4823 regis,
1155 4718 1230 4826 sol.
1249 4721 1337 4820 146.

601 4835 666 4944 38.
696 4837 874 4954 Epistola
891 4835 1063 4943 ejusdem
1081 4835 1267 4920 Roderiei
1284 4835 1455 4949 episcopi
1479 4839 1528 4920 ad
1550 4844 1721 4921 eundem
1740 4843 2012 4950 Campanum,
2043 4835 2087 4924 in

695 4985 778 5068 qua
795 4987 888 5042 eum
904 4959 1139 5042 exhortatur
1155 4977 1204 5042 ut
1217 4959 1371 5041 ¹librum
1384 4961 1436 5042 ab
1450 4987 1497 5041 eo
1515 4959 1668 5042 editum
1684 4961 1732 5042 de
1746 4957 1980 5042 monarchia
1997 4985 2086 5070 per-

695 5083 814 5190 legat,
834 5101 873 5166 et
887 5081 916 5166 fi
931 5081 1028 5193 quid
1043 5080 1214 5192 digrmrn
1225 5081 1524 5192 reprehensione
1536 5080 1689 5180 viderit,
1706 5083 1901 5178 emendet,
1908 5081 1983 5190 fol.
1998 5082 2086 5185 148.

1229 5207 1268 5284 G
1287 5231 1357 5313 ga
1879 5232 1945 5314 39.
1974 5203 2087 5316 Epis-
