5058 6274
1945 723 2047 826 309

1100 927 1444 1050 CCLXIV.

554 1084 673 1168 Codex
699 1083 988 1168 membranaceus
1015 1084 1057 1168 in
1077 1094 1133 1194 4“
1143 1091 1278 1198 forma
1304 1090 1464 1200 oblonga,
1480 1081 1604 1196 seculo
1622 1081 1694 1166 xiv
1707 1081 1889 1194 scriptus,
1919 1083 1961 1165 in
1988 1111 2055 1195 quo

498 1223 744 1304 eontinentur,

558 1347 593 1404 1.
622 1323 872 1438 Compositio
891 1328 1172 1415 conventionis
1191 1328 1301 1415 fasta
1320 1328 1427 1414 inter
1445 1327 1676 1442 episcopum
1694 1323 2052 1410 Notdowicensem

622 1459 663 1524 et
681 1445 1019 1530 communitatem
1038 1449 1142 1533 villae
1162 1452 1314 1534 Lenne.

553 1579 593 1640 2.
624 1563 746 1646 Carta
784 1563 887 1674 regis
924 1567 1119 1652 Iohannis
1153 1569 1321 1654 ecclesrae
1355 1573 1393 1656 S.
1408 1567 1623 1654 Trinitatis
1655 1563 1837 1654 Norwici
1874 1559 2053 1650 concessa

622 1707 733 1764 anno
755 1685 870 1824 regni
891 1685 961 1770 2¹¹⁰.

555 1825 595 1910 3
624 1805 747 1888 Breve
767 1807 870 1917 regis
885 1809 1115 1894 custodibus
1135 1810 1384 1923 episcopatus
1400 1810 1580 1896 Norwic.
1599 1807 1800 1896 direuum
1819 1823 1867 1888 ut
1887 1821 2055 1890 mortuo

622 1922 756 2032 priore
777 1927 1003 2037 prioratum
1024 1929 1234 2014 Norwicss
1223 1959 1267 2014 m
1289 1959 1458 2016 manum
1479 1930 1633 2040 regiam
1649 1927 1826 2040 capiant,
1847 1929 1923 2008 dec.
1944 1941 1986 2006 et
2003 1939 2054 2006 ut

624 2044 926 2155 inquisitionem
947 2049 1109 2162 capiant
1136 2067 1277 2134 utrum
1308 2050 1602 2136 administratio
1629 2049 1832 2162 prioratus
1852 2063 1893 2130 et
1910 2041 2054 2132 electio

622 2164 766 2272 prioris
787 2169 985 2280 pertineat
1004 2173 1054 2254 ad
1073 2171 1307 2284 episcopum
1328 2197 1480 2256 neena

552 2309 594 2388 4.
625 2286 838 2396 Inquisitio
858 2291 965 2374 latta
983 2291 1204 2376 secundum
1224 2291 1301 2374 hoc
1322 2311 1569 2404 preceptum,
1579 2291 1644 2374 ·in
1664 2319 1747 2402 qua
1774 2289 1970 2398 juratores
1989 2288 2074 2374 di·-

619 2429 719 2490 eunt
738 2411 901 2494 nullum
916 2431 1142 2522 competere
1160 2411 1715 2524 jusepiscopoNorwic.s1ve
1734 2411 1961 2524 prioratum
1980 2412 2052 2496 ad·

623 2527 877 2614 ministrandi
897 2533 973 2614 srve
993 2559 1145 2614 novum
1166 2531 1341 2642 priorem
1362 2530 1547 2643 eligendi.

556 2674 594 2759 3.
625 2648 762 2732 Glolsa
786 2651 981 2736 Iohannis
1012 2650 1201 2734 monachi
1231 2651 1349 2764 super
1377 2654 1666 2738 constitutione
1693 2651 1839 2736 edita
1828 2671 1934 2736 inter
1962 2618 2053 2764 pre·

622 2771 726 2855 latos
748 2789 788 2854 et
810 2775 981 2860 restores
1001 2799 1050 2856 ex
1068 2781 1152 2856 una
1171 2789 1283 2884 parte
1302 2792 1342 2860 et
1361 2774 1503 2860 fratres
1523 2773 1787 2886 predicatores
1807 2789 1848 2856 et
1877 2773 2052 2858 minores

623 2917 673 2972 err
694 2895 832 2976 altera.

554 3009 595 3093 6.
623 3012 742 3094 Bulla
762 3011 958 3127 Paschalis
979 3040 1093 3127 papae
1112 3013 1161 3098 de
1180 3012 1389 3098 monachis
1409 3012 1453 3098 in
1473 3013 1630 3100 ecelesia
1649 3013 1867 3100 cathedrali
1886 3013 2051 3100 Norwi-

624 3132 728 3215 censr
748 3161 772 3215 a
792 3135 1016 3218 Hereberto
1035 3135 1220 3246 episcopo
1240 3134 1481 3220 constitutis.

552 3279 594 3364 7.
623 3253 892 3364 Indulgentiae
926 3254 1177 3340 eeclesiarum
1211 3255 1529 3368 patriarcharum
1562 3272 1603 3340 et
1635 3273 1838 3340 certarum
1881 3253 2053 3340 aliarum

625 3375 877 3458 ecelesiarum
896 3375 1009 3458 urbis
1031 3380 1187 3458 Romae.

557 3493 594 3578 8.
624 3497 688 3579 De
715 3493 832 3602 gestis
852 3515 1034 3633 tempore
1063 3495 1166 3604 regis
1194 3494 1388 3580 Iohannis
1417 3493 1551 3586 fratris
1579 3493 1740 3578 Ricardi
1761 3496 1877 3603 regis,
1909 3495 2055 3580 scilicet

624 3615 676 3698 ab
705 3641 815 3696 anno
843 3619 978 3727 gratiae
998 3619 1233 3700 M.CXCIX
1261 3619 1311 3700 ad
1339 3645 1497 3702 annum
1526 3615 1640 3726 regni
1669 3616 1772 3726 regis
1792 3616 1962 3700 Henrici
1982 3617 2056 3700 filii

627 3733 803 3844 ejusdem
823 3735 1058 3819 secundum.

630 3863 760 3942 “Hoc
786 3859 924 3966 nonest
952 3859 1140 3942 chronicon
1160 3855 1349 3966 Radulphi
1367 3857 1506 3966 Nigri,
1535 3855 1569 3936 il
1566 3855 1598 3936 le
1624 3856 1721 3938 enim
1736 3855 1888 3967 scripfit
1909 3872 2057 3938 tantum

625 3982 731 4091 ‘usq
733 4010 776 4064 ue
789 3981 1141 4090 adprineiprumR.
1152 3977 1382 4062 RichardiI.
1402 3997 1444 4058 ut
1458 3979 1500 4058 in
1514 3958 1620 4086 antiq
1622 4007 1665 4058 uo
1679 3978 1881 4085 exemplari
1894 3977 1936 4056 in
1954 3976 2054 4058 Bibl.

628 4110 801 4188 “Cotton
820 4103 949 4186 videre
976 4103 1074 4200 licet,
1092 4100 1165 4212 fid
1180 4100 1304 4210 potius
1322 4097 1474 4180 uidetur
1487 4099 1748 4206 fragmentum
1767 4097 1832 4179 orl
1851 4087 2057 4177 extrarium

629 4239 656 4279 “
677 4227 886 4336 aliquodue
904 4224 1068 4306 chronico
1088 4223 1227 4330 Rogeri
1245 4219 1287 4300 de
1307 4221 1520 4316 Wendouer,
1541 4249 1587 4299 ex
1605 4247 1670 4328 quo
1686 4222 1791 4303 Mat.
1812 4217 1931 4300 Poris
1949 4216 1973 4298 h
1973 4215 2055 4324 sto

628 4363 655 4402 “
675 4351 775 4434 riom
782 4350 893 4458 strom
911 4345 1082 4454 majorem
1100 4341 1366 4453 transcripstt.”

558 4505 596 4586 9.
627 4473 738 4556 Beda
756 4467 919 4550 historia
936 4463 1189 4547 ecclesiastica
1207 4459 1337 4570 gentis
1358 4461 1602 4569 Anglorum.

628 4605 655 4641 “
675 4588 795 4676 Liber
800 4585 952 4698 fratris
972 4583 1128 4668 Simonis
1148 4581 1337 4665 Bozouns’

1712 4699 1911 4782 CCLXV.
1941 4699 2056 4784 Codex

504 4891 2048 4944 Ν..-

559 5017 762 5102 CCLXlV.]
780 5015 841 5083 Ver.
859 5019 925 5082 Cer.
944 5015 983 5080 A.
1002 5013 1032 5080 8.
1049 5011 1147 5079 MSS·
1162 5011 1245 5092 Angl.
1267 5008 1425 5090 1284-8.

560 5139 612 5230 9.]
628 5135 699 5208 Vide
713 5127 804 5200 ΧΗ.
820 5121 1003 5194 CCCLlX.
1023 5141 1051 5188 1.
1068 5115 1338 5186 CCCCXXVll.
1357 5137 1386 5202 7.
