4994 6264
1921 791 2021 890 407

296 1121 307 1129 ‘
466 1213 468 1218 ἢ
531 1120 645 1206 σοιίςκ
658 1118 941 1202 membranaceus
954 1119 993 1200 in
1013 945 1480 1236 gllgtllvigsllellul:
1490 1117 1531 1200 in
1546 1147 1610 1229 quo
1624 1120 1865 1217 continentur,

538 1273 573 1325 1.
603 1243 784 1351 Synodus
806 1241 911 1326 Petri
934 1237 1113 1350 [inil]
1132 1239 1305 1352 episcopi
1322 1243 1455 1324 Exon.
1476 1240 1612 1322 habita
1631 1267 1741 1324 anno
1766 1242 1885 1353 1287.

476 1463 481 1474 ,
535 1393 572 1448 2.
602 1364 752 1447 Modus
772 1363 951 1473 exigendi
972 1361 1243 1460 confeffiones,
1265 1367 1339 1480 &c
1358 1361 1529 1470 ejusdem
1549 1361 1731 1474 episcopi.

1021 1571 1470 1722 ccccxmv.

532 1742 578 1820 A
585 1739 798 1848 parchment
814 1735 895 1819 book
914 1739 955 1820 in
976 1737 1042 1832 8”‚
1063 1741 1215 1818 written
1233 1739 1274 1816 in
1293 1739 1352 1818 the
1369 1767 1423 1818 xv
1440 1757 1596 1850 century,
1615 1741 1827 1850 containing
1906 1725 1913 1739 ’
1969 1753 1975 1764 “

533 1861 625 1942 The
643 1859 793 1970 history
811 1857 859 1942 of
876 1858 1035 1962 Gcnefis
1055 1861 1134 1942 and
1156 1861 1319 1940 Exodus
1338 1857 1382 1940 in
1400 1859 1468 1940 old
1488 1859 1656 1975 English
1675 1860 1792 1943 verse.

1045 2060 1473 2187 CCCCXLV.·

534 2234 649 2317 Codex
668 2233 952 2316 membronaceus
968 2235 1011 2316 in
1031 2233 1097 2329 8'0,
1105 2233 1222 2344 stculo
1242 2233 1311 2315 xiv
1316 2233 1493 2344 scriptus,
1513 2237 1554 2316 in
1572 2265 1636 2346 qua
1654 2237 1868 2332 continetur,

533 2359 681 2438 Forma
718 2355 927 2438 dictitandi
965 2355 1146 2466 epistolas
1177 2352 1393 2438 secundum
1430 2355 1577 2468 stylum
1612 2358 1808 2441 Romanae
1845 2353 2024 2455 ecoefiae,

480 2497 619 2562 autore
637 2481 750 2592 Mag.
767 2480 814 2560 de
834 2477 1075 2589 Aquillegia.
1591 2479 1595 2486 '

538 2611 564 2647 “
586 2603 666 2682 Hic
691 2601 784 2682 liber
803 2631 870 2682 non
888 2600 1058 2710 indignus
1074 2601 1140 2712 qui
1162 2601 1203 2682 in
1221 2599 1425 2714 quibustlane
1443 2574 1612 2709 legatur(
1628 2619 1671 2683 ut
1697 2601 1819 2683 melius
1842 2600 2050 2710 'intelligar

481 2734 508 2770 “
517 2751 722 2833 gravamen
733 2723 953 2806 intolerabile
962 2724 1003 2806 de
1006 2721 1265 2833 prow'stonibus
1268 2741 1392 2834 popa,
1391 2723 1462 2836 fid
1467 2725 1528 2808 hoc
1537 2723 1705 2834 restinxit
1711 2723 1917 2806 Edwardus
1924 2728 1952 2805 I
1948 2727 1974 2805 l
1969 2728 1993 2804 1
1992 2725 2027 2806 ..”

1027 2933 1478 3050 CCCCXLVI.

537 3097 651 3180 Codex
667 3096 948 3179 membranaceus
967 3100 1008 3179 in
1030 3097 1094 3195 8'⁰‚
1116 3099 1156 3179 in
1175 3127 1240 3208 quo
1259 3100 1473 3194 continetur,

535 3218 630 3300 Vita
651 3221 689 3298 S.
701 3216 874 3300 Thomae
893 3217 1174 3330 archiepiscopi
1189 3223 1381 3304 Cantuar.
1403 3237 1442 3302 et
1459 3213 1643 3331 martyris
1665 3217 1713 3300 de
1732 3215 1912 3333 plurium
1934 3245 2028 3301 nar-

481 3339 635 3424 ratione
654 3339 832 3422 collefta.
1172 3369 1176 3374 ·

365 3557 368 3566 .
537 3467 640 3544 Hac·
660 3463 759 3556 vita,
791 3467 939 3572 quain
963 3467 1049 3546 aliis
1074 3463 1248 3546 codicibus
1278 3468 1498 3561 nominatur,
1529 3461 1756 3576 quadrilogus
1773 3463 1858 3570 five
1885 3461 2031 3570 historia

482 3583 771 3694 quadripartita,
800 3583 847 3664 ab
865 3604 1073 3667 annotatore
1096 3587 1243 3698 quadarn
1268 3589 1436 3695 imperito
1454 3589 1628 3698 Stephano
1647 3585 1899 3694 Cantuarierfi
1916 3583 2036 3690 uteri*

484 3706 623 3788 buitur.

1012 3867 1496 3988 CCCCXLVII.

539 4037 654 4121 Codex
673 4035 955 4118 membranaceus
973 4037 1013 4138 in
1034 4035 1100 4132 8⁹⁰,
1105 4036 1226 4146 seaclo
1242 4037 1313 4118 xvi
1316 4035 1494 4145 streptus,
1514 4039 1554 4116 in
1571 4064 1637 4146 qao
1655 4039 1900 4132 continentur,

403 4219 408 4222 -
537 4159 790 4242 Problemata
808 4156 885 4241 five
903 4155 1127 4267 questiones
1146 4157 1360 4267 praesertim
1379 4155 1481 4238 circa
1493 4155 1798 4239 consuetudines
1817 4162 2029 4254 Romano-

483 4309 575 4364 rum
592 4299 634 4364 et
653 4287 902 4380 Graecorum‚
921 4297 962 4364 et
982 4279 1160 4391 responsa
1181 4283 1232 4362 ad
1251 4307 1329 4364 eas.

1917 4399 2031 4484 Codex
2045 4387 2048 4394 ’

490 4651 492 4656 ’
537 4691 802 4780 σοοοκωιι]
820 4693 882 4762 uu.
900 4695 967 4760 aa.
984 4691 1030 4760 0.
1044 4713 1097 4780 24.
1114 4693 1209 4760 Mse.
1222 4691 1306 4774 nge.
1326 4711 1519 4780 1492··225.

379 4773 381 4779 ⁴
513 4777 804 4869 “ccccxmvn
823 4785 885 4854 uo.
903 4791 968 4854 aas.
985 4787 1027 4854 R.
1047 4811 1097 4855 ιι.
1112 4785 1304 4870 Mesoa·
1324 4787 1525 4871 1441-164·

538 4880 784 4962 ccccm]
802 4883 866 4950 Vee.
881 4885 949 4948 Cot.
966 4881 1011 4948 0.
1029 4903 1082 4970 23.
1098 4881 1198 4950 MSS.
1211 4881 1296 4965 Aegl.
1315 4883 1519 4971 1496-229.

540 4974 789 5060 ccccm]
807 4977 876 5046 Vsu
890 4977 1053 5044 CCCCL.
1071 4998 1125 5047 22.

540 5065 805 5152 CCCCXLV1.]
822 5071 884 5139 Vn.
900 5069 968 5138 Coti
983 5069 1029 5139 G.
1049 5093 1100 5138 12.

539 5161 819 5252 CCCCXLVII.]
836 5167 899 5240 Vct.
917 5169 983 5236 Cat.
999 5165 1046 5236 N.
1066 5187 1119 5258 34.
1135 5167 1229 5238 MSS.
1241 5165 1327 5256 Aegl.
1346 5169 1539 5258 1475··198.
1621 5107 1624 5116 ¹
