4980 6264
1079 776 1283 872 LXXII.
1913 813 1981 908 49
2064 763 2070 774 ⁸
2119 745 2123 757 ι

449 1003 451 1010 ’
485 978 631 1062 Literae
658 967 819 1058 initiales
844 968 899 1052 ad
921 963 1072 1054 initium
1103 963 1287 1074 cujustibet
1313 963 1496 1073 evangelii
1510 963 1657 1074 stemma
1687 965 1871 1076 venustate
1891 969 1982 1078 pin-

426 1117 581 1212 guntur.
669 1211 674 1218 Ὤ

1054 1267 1354 1386 LXXHL

486 1444 602 1529 Codex
614 1437 895 1525 membranaceus
912 1433 1055 1544 infolio
1073 1431 1200 1540 major.
1208 1431 1326 1542 seculo
1342 1459 1396 1512 xv
1402 1429 1578 1541 scribtus,
1598 1429 1719 1547 inquo
1735 1438 1972 1537 continentur,

423 1559 427 1566 ’
490 1561 650 1650 Nicolai
674 1562 723 1644 de
747 1559 908 1641 Gorran
935 1551 1103 1666 postillae
1129 1552 1176 1635 in
1197 1550 1401 1661 evangelia
1426 1549 1643 1638 secundum
1666 1556 1911 1644 Matthaeum
1935 1577 1975 1642 et

434 1690 638 1782 Marcum,
660 1706 800 1767 omnes
818 1676 999 1790 epistolas
1018 1674 1218 1788 generales
1235 1689 1277 1756 et
1294 1669 1557 1786 apocalypsin.

1048 1881 1349 2000 Lxxw.
1475 1853 1479 1860 ’

487 2055 603 2139 Codex
620 2053 901 2136 membranaceus
916 2041 1071 2158 infolio,
1080 2045 1199 2158 stculo
1215 2047 1449 2157 xvscrtiotus,
1468 2047 1659 2148 continem,

489 2173 716 2286 Berengarii
734 2168 905 2285 episcopi
924 2166 1168 2252 Bitterrenfis
1189 2165 1458 2250 inventan‘um
1474 2167 1573 2275 juris
1591 2167 1789 2254 canonici.

487 2297 636 2380 Claruit
664 2295 908 2404 Borengarius
934 2319 1026 2374 armo
1059 2317 1176 2399 1300,
1208 2289 1326 2372 boor
1339 2289 1431 2399 fuit
1446 2289 1554 2398 jiris
1578 2293 1755 2390 canonici,
1784 2291 1877 2406 quod
1899 2308 1977 2376 tom

432 2419 590 2525 Poristis
606 2447 712 2528 quam
728 2415 821 2498 olibi
835 2413 956 2496 multis
972 2411 1078 2492 annis
1093 2412 1196 2520 legit,
1215 2429 1257 2491 ut
1274 2411 1401 2525 ipsein
1413 2413 1555 2522 prologo
1573 2411 1678 2521 hujus
1693 2413 1784 2495 libri
1800 2413 1974 2523 testatum

427 2541 543 2654 postea
557 2540 648 2648 fuit
676 2539 847 2649 episcopus
877 2527 1095 2646 Tuscuianus
1123 2548 1160 2615 rt
1181 2531 1391 2627 cardinalis,
1422 2533 1480 2613 ita
1507 2533 1601 2614 enirn
1624 2551 1778 2617 vocatur
1800 2536 1977 2643 adfinem

432 2663 535 2743 bu'us
552 2659 653 2741 libri.

469 2693 521 2829 J“
541 2779 659 2862 Liber
684 2777 827 2888 eccloiae
849 2773 1091 2887 Nmoycensts
1109 2791 1182 2886 per
1207 2770 1416 2884 magistrum
1432 2774 1556 2858 Adam
1582 2774 1625 2857 de
1641 2773 1750 2886 Eston
1775 2777 1979 2864 monachum

433 2902 527 2986 didi
542 2903 622 2986 loci.
1810 2926 1814 2935 ·

1066 3077 1334 3196 LXXV.

490 3243 604 3328 Codex
620 3241 902 3325 membranaceos
919 3239 1073 3349 infolio,
1081 3243 1200 3353 seculo
1215 3244 1285 3326 xiv
1303 3234 1597 3352 nitidescriptus,
1617 3270 1681 3355 quo
1698 3229 1911 3341 iontinetur,

339 3361 342 3368 ’
492 3363 627 3448 Gloffa
646 3361 849 3447 ordinaria
866 3379 908 3444 et
925 3360 1187 3446 interlinemis
1206 3361 1320 3476 super
1339 3361 1523 3478 psalmos.

1055 3573 1353 3690 LXXVL

489 3736 604 3820 Codex
620 3735 901 3819 membranaceus
920 3735 961 3816 in
964 3733 1075 3842 stolio,
1093 3737 1194 3844 cujm
1202 3735 1330 3846 primo
1343 3753 1431 3846 pars
1435 3736 1554 3847 stculo
1572 3736 1647 3817 xiii
1650 3737 1798 3849 scripto
1816 3739 1968 3818 continet

498 3885 531 3938 1.
560 3855 765 3965 Radulphi
789 3856 837 3936 de
857 3855 1000 3936 Diceto
1025 3857 1187 3939 annales
1211 3856 1259 3938 de
1285 3853 1654 3940 Dorobernenfibus
1680 3855 1979 3968 archiepiscopis

434 3975 486 4059 ab
504 3975 733 4084 Augustino
752 3975 803 4056 ad
821 3975 1068 4059 Hubertum.

489 4098 606 4180 Nibr'l
617 4098 677 4179 bic
692 4095 853 4179 invenies
869 4097 961 4208 quod
974 4127 1041 4180 non
1055 4116 1156 4182 extat
1177 4099 1217 4181 in
1234 4097 1562 4183 abbreviationibus
1575 4098 1817 4182 chronicorum
1834 4099 1980 4210 ejusdem

342 4269 347 4276 ·
434 4221 585 4316 autoris,
611 4215 656 4300 ‘ex
673 4217 798 4329 quibus
822 4218 893 4328 ipso
911 4219 1006 4300 docet
1028 4220 1069 4300 in
1082 4223 1225 4330 prologo
1242 4221 1295 4304 od
1307 4221 1510 4304 Hubertum
1522 4223 1567 4333 fi
1585 4221 1744 4330 hocopus
1764 4217 1979 4328 compiloffi’:

432 4341 475 4422 bi
490 4369 576 4422 voro
593 4339 737 4422 annales
753 4339 881 4448 ubique
894 4339 1095 4449 discrepant
1111 4340 1158 4422 ab
1173 4342 1338 4451 Historia
1355 4343 1689 4454 archiepiscoporum
1704 4346 1882 4425 Cantuor.
1901 4367 1980 4448 qua

419 4459 493 4572 sub
510 4461 647 4545 nornine
664 4459 850 4578 Rodoiobi
859 4459 1002 4569 prodiit
1018 4462 1217 4573 insecundo
1235 4481 1324 4546 tomo
1342 4465 1633 4576 Angliaesacrae.

1888 4580 1977 4690 Po

487 4871 663 4958 Lxx111.]
678 4875 741 4946 Ver.
760 4877 825 4958 Cat,
841 4871 893 4942 M.
914 4898 942 4944 1.
959 4877 1055 4944 MSS.
1071 4873 1155 4955 Angr.
1177 4879 1368 4966 1416··139.

488 4967 664 5052 Lxx1v.]
682 4971 745 5058 Vct.
762 4973 833 5037 Cot.
851 4970 887 5036 P.
907 4985 957 5058 13.
975 4971 1072 5036 MSS.
1086 4971 1171 5054 Aogl.
1194 4975 1395 5060 1513-246.

488 5061 650 5146 LXXV.]
667 5065 730 5132 Vre.
747 5067 813 5132 Cor.
831 5061 883 5130 M.
902 5083 932 5131 2.
949 5065 1045 5132 MSS.
1063 5065 1148 5146 Argi.
1169 5087 1365 5154 1417—140.

487 5159 664 5242 Lxxvl.]
681 5161 745 5230 Ver.
761 5163 828 5230 Cot.
844 5161 885 5230 C.
906 5187 934 5233 ι.
952 5161 1048 5232 MSS.
1065 5165 1150 5250 Argi.
1175 5169 1353 5252 1298-22.

1180 5259 1221 5337 G
