5058 6274
621 1062 858 1148 Ethelberto
875 1085 968 1170 rege
983 1055 1143 1144 Cantiss
1158 1059 1212 1144 ad
1230 1057 1459 1144 Hettricnm
1476 1059 1571 1146 Vis.

556 1213 596 1302 5.
615 1189 687 1272 De
708 1179 1010 1322 archiepiscopis
1028 1185 1227 1268 cantuar.
1247 1199 1411 1294 quanto
1432 1199 1615 1324 tempore
1642 1183 1687 1266 in
1714 1183 2052 1299 archiepiscopatu

622 1306 812 1392 vixerunt
826 1325 868 1390 ct
884 1305 1032 1420 inquo
1046 1305 1175 1418 gradu
1186 1323 1229 1389 et
1241 1303 1455 1418 digninrte‚
1474 1306 1588 1420 prius
1604 1323 1759 1390 etanta
1775 1309 2052 1420 S.Augustino

623 1431 676 1514 ad
689 1428 947 1514 Wilselmum
966 1429 1167 1512 Warhant
1183 1445 1226 1514 et
1241 1431 1423 1514 moerico
1438 1429 1552 1519 nanu
1566 1429 1618 1512 ad
1637 1433 1700 1514 M.
1713 1431 1873 1516 Pariter.

553 1555 595 1640 ⁶.
622 1557 688 1640 De
704 1551 908 1666 prioribus
924 1549 1093 1640 ecclesiae
1105 1549 1255 1638 Christi
1269 1553 1393 1640 Cant.
1406 1569 1449 1636 ct
1465 1551 1635 1636 nomina
1646 1579 1789 1636 eorum
1807 1555 1860 1638 ab
1877 1555 2050 1640 adventu

621 1679 961 1764 Normannomm
998 1701 1097 1760 nans
1135 1691 1256 1760 antea
1290 1673 1430 1762 decani
1463 1675 1725 1772 vocabantur,
1760 1677 1816 1760 ad
1845 1677 2054 1762 Thomam

504 1793 515 1817 ‘
624 1799 825 1884 Goldweli
843 1791 1038 1884 ultimum
1055 1795 1265 1912 priorem

555 1947 595 2036 7.
624 1922 773 2008 Obitus
788 1937 828 2006 et
846 1919 1024 2034 exequiae
1037 1921 1212 2007 Thomas
1226 1919 1425 2008 Bouchicr
1438 1919 1643 2034 presbiteri
1659 1921 1873 2008 cardinalis
1888 1939 1930 2007 et
1942 1925 2054 2008 Can·

623 2043 829 2130 tuariensrs
850 2041 1147 2158 archiepisopi.
1374 2101 1377 2109 -

552 2169 715 2256 ttThe
732 2166 986 2280 descrypcion
1002 2165 1052 2252 os
1074 2168 1146 2252 the
1170 2183 1384 2281 pcgesntss
1412 2165 1563 2250 made
1551 2193 1595 2252 m
1604 2167 1684 2254 the
1701 2188 1791 2280 cyse
1808 2165 1859 2252 of
1874 2169 2052 2258 London

622 2307 665 2376 at
683 2293 753 2376 the
770 2317 963 2404 recevyng
979 2288 1030 2372 of
1048 2290 1125 2374 the
1142 2289 1247 2374 rnost
1264 2291 1457 2376 excestent
1479 2315 1649 2402 pryncys
1673 2291 1844 2406 Charlys
1861 2293 1930 2380 the
1948 2293 2052 2410 fyfse

622 2441 836 2527 emperour
852 2414 931 2498 and
950 2415 1092 2524 Henry
1110 2411 1309 2497 tthIII.
1329 2411 1496 2522 iringus
1511 2413 1715 2523 Englond.

554 2569 593 2648 9.
622 2536 806 2624 Nomina
823 2534 1119 2622 monachorum
1136 2533 1304 2619 aeclesia
1319 2531 1470 2620 christi
1489 2539 1685 2619 Cantuar.
1705 2565 1729 2620 a
1746 2555 1927 2654 tempore
1944 2505 2054 2626 exilii

623 2661 843 2783 eorundem
857 2663 909 2757 A.
921 2661 977 2744 D.
989 2661 1022 2744 Ι.
1041 2682 1159 2774 1207,
1180 2657 1313 2744 idibus
1329 2656 1430 2769 Julii
1445 2662 1498 2742 A.
1510 2659 1563 2744 R.
1554 2659 1684 2771 aegis
1701 2662 1894 2750 Iohannis
1907 2663 2054 2752 osiavo

625 2785 696 2895 [ad
714 2809 871 2868 annurn
898 2781 1037 2894 ¹5²70]
1070 2871 1073 2880 Δ

789 2909 829 3000 *j
870 2905 1669 2994 charmaddirmtuideruram.
1727 2912 1754 2962 Ι
1849 2943 1855 2963 ³

559 3059 619 3116 ro.
649 3033 895 3144 Excerpturn
912 3025 1034 3116 busto
1051 3027 1204 3144 papalis
1216 3047 1367 3114 contra
1382 3029 1566 3114 convivia
1584 3057 1676 3143 quae
1694 3029 1861 3114 nornine
1877 3031 2049 3116 benevo-

648 3152 781 3240 lentiae
807 3181 831 3238 a
848 3151 1109 3266 prebendario
1135 3153 1315 3238 intrante
1330 3149 1579 3238 residentiam
1599 3155 1710 3238 snam
1738 3153 1782 3236 in
1802 3155 1961 3238 coclesra
1979 3181 2046 3238 ca-

650 3275 821 3363 thedrali
840 3275 1115 3390 exigebantur.
1827 3329 1829 3334 ·

648 3401 812 3486 Dicitur
839 3411 866 3448 ‘⁸
885 3401 980 3484 talia
1006 3401 1182 3488 convivia
1201 3417 1272 3512 per
1297 3403 1545 3514 quadraginta
1570 3401 1646 3486 dier
1671 3397 1891 3500 continuari,
1920 3417 1956 3485 et
1982 3431 2049 3484 ex-

651 3535 679 3572 “
693 3523 819 3635 penfhs
836 3523 1020 3608 corrnrdem
1039 3524 1129 3612 ade
1150 3525 1265 3608 libras
1268 3523 1377 3634 sterl.
1394 3526 1627 3610 conmuniter
1645 3524 1862 3636 ctscendern”
1975 3579 1980 3588 ·

558 3675 620 3734 tr.
648 3647 713 3732 De
731 3643 969 3730 fundatione
987 3645 1157 3732 abbatia
1175 3647 1474 3732 Bevcrlacenfis.
1936 3689 1938 3694 ·

791 3771 817 3822 ⁴¹
875 3772 901 3825 ⁸
957 3771 998 3853 in
1017 3769 1355 3886 mmbranissendo
1370 3769 1585 3884 xioscrrpt.
1642 3772 1668 3824 Ι
1725 3772 1752 3825 *

557 3901 619 3980 ia.
648 3887 823 3974 Cronica
851 3890 1045 4002 [Thomas
1070 3894 1235 3978 Stobbes
1259 3891 1337 3976 sive
1356 3891 1513 3976 Stobrei
1539 3888 1805 4002 dominicani]
1834 3889 1882 3974 de
1900 3887 2047 3976 succes-

648 4013 825 4100 sionibus
845 4031 885 4098 et
903 4013 1020 4124 gestis
1041 4017 1164 4100 Ebur.
1185 4014 1584 4129 archiepiscoporum.

823 4139 850 4194 Ι
906 4141 933 4196 Ι
988 4141 1030 4224 in
1048 4140 1413 4224 charrisaPartm
1429 4139 1548 4224 addit.
1603 4139 1629 4196 Ι
1687 4143 1713 4192 *¹
1894 4239 1897 4244 Ι

558 4284 619 4374 13.
648 4263 846 4374 Excetpta
862 4288 885 4344 e
900 4259 1064 4371 registro
1081 4260 1203 4346 veteri
1220 4260 1391 4374 episcopi
1407 4258 1603 4348 Roffensts
1621 4261 1670 4341 de
1684 4257 1842 4344 ecclesia
1856 4259 2047 4346 Roffenst.

441 4463 450 4478 ,
556 4413 618 4493 14.
646 4381 825 4494 Epistola
844 4382 1030 4466 Edwardi
1045 4387 1078 4467 1.
1097 4385 1148 4466 ad
1165 4411 1314 4496 papam
1332 4383 1381 4465 de
1399 4381 1487 4490 iure
1505 4383 1579 4466 suo
1594 4381 1831 4492 inpregnnm
1852 4384 2006 4468 Scotiae.

556 4537 617 4622 ¹5·
646 4502 825 4618 Epistola
851 4503 1003 4590 Canuti
1029 4503 1135 4616 regis
1152 4505 1311 4616 Angliae
1340 4502 1486 4616 scripta
1512 4511 1669 4606 Romae‚
1698 4507 1741 4589 in
1770 4531 1852 4615 qua
1878 4509 2047 4589 testatur

649 4655 798 4742 papam
820 4625 1053 4728 concesstss'e,
1080 4647 1132 4714 ut
1157 4626 1440 4740 archiepiscopi
1461 4627 1620 4738 Angliae
1647 4655 1733 4711 non
1762 4627 1935 4740 amplius
1960 4633 2048 4710 Ro-

647 4779 757 4836 mant
775 4747 832 4836 ire
849 4769 1086 4863 cogerentur
1101 4749 1213 4866 pallii
1232 4749 1372 4906 causa.
1398 4795 1458 4816 ·-
1475 4781 1533 4834 cur
1529 4749 1784 4886 str'hjungrtur
1803 4749 1934 4832 brevis
1951 4777 2046 4832 nar-

1941 4870 2052 4956 tatio

999 5209 1242 5302 zntnrecx.
1257 5233 1292 5302 4-
1307 5199 1529 5288 esserto.
1580 5157 1604 5186 ²
