4994 6264
1088 752 1353 854 ccccrv.
1479 699 1481 704 ’
1921 763 2060 882 381·

531 945 763 1060 3.·Q1jbus
782 945 864 1032 dies
884 943 1024 1056 judicii
1040 943 1319 1032 manifestatur
1336 959 1377 1026 et
1395 967 1621 1056 perquem,
1637 941 1713 1054 fol.
1726 968 1766 1054 7.

529 1101 570 1179 4.
599 1075 662 1152 De
680 1071 890 1156 duratione
910 1069 1055 1154 mundi
1073 1069 1291 1155 secundum
1310 1065 1542 1162 Eusebium,
1571 1066 1662 1150 ibid.

529 1221 567 1304 ς.
596 1191 821 1310 Pmphetiae
851 1195 897 1276 Β.
910 1192 1163 1305 Hildegardis
1190 1189 1372 1304 virginis·
1387 1215 1436 1274 ex
1466 1188 1571 1272 libro
1600 1187 1674 1300 qui
1700 1184 1848 1272 dicitur
1875 1189 2021 1272 Penta-

598 1339 751 1398 cronon
770 1315 847 1400 stre
864 1315 1070 1427 speculum
1088 1334 1318 1427 temporum
1338 1309 1586 1409 futurorum,
1602 1312 1677 1424 flas.
1692 1339 1731 1420 9.

525 1440 564 1521 6.
593 1434 800 1522 Revelatio
822 1436 1014 1522 mirabilis
1035 1437 1154 1554 super
1178 1437 1295 1520 statu'
1309 1433 1436 1518 totius
1455 1433 1621 1518 ecclesiae
1640 1453 1679 1515 et
1698 1432 1884 1546 precipue
1903 1431 2018 1546 super

596 1557 659 1642 his
680 1562 772 1670 q'uae
791 1561 1031 1672 contingent
1046 1561 1092 1644 in
1109 1559 1250 1655 diebos
1268 1557 1562 1672 predicatorum
1581 1573 1622 1642 et
1639 1555 1858 1641 minorum.

527 1709 567 1792 7.
596 1681 776 1766 Ioachim
793 1683 914 1766 abbae
931 1686 981 1766 dc
997 1681 1212 1768 seminibus
1229 1681 1451 1778 literarum,
1466 1679 1541 1790 fol.
1556 1707 1627 1786 44.

527 1805 565 1887 8.
595 1807 659 1886 Dc
677 1803 946 1890 Anti-christo
965 1823 1005 1888 et
1023 1803 1103 1888 fine
1123 1803 1281 1902 mundi,
1296 1805 1372 1914 fol.
1387 1807 1452 1912 65.

407 1919 420 1946 ‘
527 1957 566 2036 9.
598 1927 822 2012 oraculum
853 1927 903 2010 dc
936 1929 1037 2014 coelo
1070 1925 1230 2010 missum
1259 1925 1401 2008 Cirillo
1432 1919 1583 2008 montis
1612 1922 1789 2006 Carmeli
1817 1921 2019 2006 heremitae

595 2045 750 2132 millam
770 2048 984 2135 celebranti
1007 2052 1045 2132 8ο
1057 2051 1215 2134 kalend.
1227 2047 1323 2132 Feb.
1336 2056 1388 2130 A.
1402 2051 1455 2130 D.
1474 2075 1593 2158 1254,
1614 2073 1709 2132 cum
1728 2045 2019 2130 commentatio

594 2171 789 2256 Ioachimi
808 2171 977 2272 abbatis,
992 2173 1069 2284 fiel.
1084 2173 1151 2256 68.

531 2324 592 2376 ιο.
623 2295 847 2407 Prophetiae
867 2293 1062 2379 Ioacbimi
1089 2291 1244 2378 abbatis
1271 2294 1320 2377 de
1344 2291 1473 2407 papis,
1501 2321 1581 2376 cum
1595 2291 1737 2402 figuris
1760 2293 1940 2403 eleganter
1958 2291 2021 2374 de-

624 2417 782 2516 lineatis,
797 2419 873 2528 fol.
888 2417 952 2499 88.

530 2566 591 2620 11.
621 2539 845 2653 Prophetiae
863 2541 912 2622 de
929 2515 1086 2652 regibui
1105 2538 1278 2650 Angliae,
1298 2567 1394 2624 cum
1413 2537 1499 2624 aliis
1519 2535 1700 2648 ejusdcm·
1711 2533 1865 2618 farinae.

1100 2749 1396 2868 CCCCV.

525 2911 649 2996 Codex
668 2911 949 3000 membranaceus
984 2918 1025 2998 in
1056 2913 1120 3022 4²⁰,
1153 2945 1179 2999 a
1207 2915 1354 3026 dioersts
1373 2911 1616 3028 scriptoribus
1646 2913 1749 2996 circa
1763 2910 1923 3026 seculum
1951 2911 2021 2994 xio
2189 2989 2191 2994 .

469 3053 672 3132 eumarum,
693 3039 817 3146 inquo
836 3041 1091 3134 conn'nentur,

530 3187 565 3238 1.
595 3159 712 3240 Bulla
731 3159 948 3244 Alexandri
965 3187 1080 3271 papae
1099 3161 1318 3242 concedens
1337 3157 1528 3244 fratribus
1547 3156 1752 3270 hospitalis
1772 3155 2021 3240 Hierusalem

596 3281 640 3362 in
653 3279 850 3366 Hibernia
864 3297 911 3364 ut
925 3279 1001 3366 smt
1014 3282 1215 3366 immunes
1231 3275 1281 3363 ab
1293 3281 1406 3364 omni
1418 3281 1619 3388 ordinaria
1632 3278 1915 3386 jurisdictione,
1926 3298 1970 3391 p.
1982 3307 2019 3388 3⁴

527 3429 564 3484 a.
594 3397 711 3484 Bulla
728 3401 899 3510 ejusdem
921 3431 1035 3516 papae
1064 3423 1112 3488 ut
1139 3431 1223 3486 non
1243 3421 1458 3486 tencantur
1474 3401 1571 3485 dicti
1589 3401 1730 3485 fratres
1751 3401 1896 3484 solvere
1924 3429 2020 3514 pro-

595 3523 836 3620 curationes,
859 3543 901 3635 p.
917 3555 955 3632 3.

529 3671 567 3752 3.
596 3646 713 3726 Bulla
731 3645 903 3751 ejusdem
932 3673 1046 3756 papae
1072 3663 1120 3728 ut
1147 3649 1261 3728 nulla
1279 3647 1471 3732 sententia
1494 3643 1920 3732 excommunicationis
1940 3643 2021 3728 sus-

594 3763 793 3879 pensronis
809 3785 880 3848 aut
894 3764 1095 3850 interdisli
1109 3769 1390 3877 promulgetur
1402 3767 1446 3851 in
1460 3767 1587 3852 diblos
1603 3767 1744 3852 fratres
1758 3786 1830 3850 aut
1844 3767 2019 3866 clericor,

597 3889 771 3972 ccclesras
800 3891 862 3972 vcl
881 3889 1055 3974 oratoria
1079 3915 1219 3972 eorum
1240 3886 1319 3972 line
1340 3889 1496 4003 speciali
1523 3893 1715 3976 mandato
1734 3889 1830 3972 sedis
1859 3890 2019 4002 aposto·

593 4010 693 4110 licae,
715 4032 758 4123 p.
770 4041 810 4120 4.
1545 4009 1547 4016 ’

529 4159 569 4237 4.
599 4135 721 4215 Breve
748 4131 849 4244 regis
878 4133 1101 4220 vicecomiti
1119 4131 1352 4216 Watersord
1378 4133 1576 4218 diredium
1604 4154 1652 4217 ut
1680 4131 1921 4245 supersedeat
1947 4135 2017 4217 dc-

510 4316 512 4322 ·
590 4257 747 4340 mandre
762 4285 886 4368 quam
901 4255 998 4340 fecit
1014 4256 1140 4370 priori
1155 4275 1195 4339 et
1208 4255 1399 4341 fratribus
1414 4255 1618 4368 hospitalis
1638 4253 1847 4338 S.loannis
1863 4255 2022 4340 Hieru··

590 4375 707 4460 salem
727 4379 769 4462 in
789 4379 987 4462 Hibernia
1004 4381 1067 4464 rel
1087 4379 1230 4462 Ioanni
1246 4379 1404 4464 Gilbett
1421 4377 1576 4464 tenenti
1592 4405 1746 4476 eorum,
1770 4397 1813 4490 p.
1829 4405 1867 4487 5.

524 4527 562 4608 ς.
592 4501 707 4582 Bulla
721 4500 918 4584 Iohannis
938 4531 1053 4614 papae
1070 4501 1120 4584 de
1139 4499 1394 4586 translatione
1415 4503 1617 4586 bonorum
1641 4499 1944 4614 templariorum
1964 4501 2015 4582 ad

591 4621 772 4706 ordinem
793 4621 965 4706 fratrum
988 4629 1026 4708 S.
1039 4624 1201 4708 Ioannis
1220 4625 1268 4708 de
1287 4623 1550 4723 Hierusalem,
1571 4644 1614 4735 p.
1629 4627 1668 4707 6.

523 4747 562 4824 6.
592 4747 651 4826 La
670 4743 878 4858 prophetie
900 4745 986 4856 [de]
1007 4745 1174 4846 Mcrlin,
1194 4763 1238 4860 p.
1252 4745 1290 4829 8.

963 4871 965 4874 ’
1816 4894 1855 4978 7.
1885 4867 2014 4950 Table

360 5207 365 5214 .
520 5157 1024 5244 ,Junccnxxxvnrm

517 5263 704 5349 CCCCV.]
719 5265 785 5337 Ver.
801 5265 868 5337 Get.
883 5263 931 5336 G.
945 5285 979 5355 4.
995 5265 1095 5340 MSS.
1108 5265 1198 5351 Angt.
1220 5284 1389 5354 ¹347··70·
