5036 6264
1161 721 1295 820 CXI.
1939 735 2031 845 129
2172 639 2177 652 Ι

639 906 803 994 suarum
833 906 882 991 de
912 903 1058 1002 Moris,
1095 903 1338 988 monasterio
1367 901 1609 988 Bathonensr
1644 905 1694 984 ad
1728 902 2039 986 construendam

636 1025 903 1112 ecclesiam'B.
919 1023 1085 1136 Georgii
1102 1049 1175 1138 per
1193 1027 1450 1107 Wislelrnum
1469 1025 1517 1104 de
1536 1021 1718 1134 Mojone‚
1748 1024 1840 1104 ibid.

455 1139 459 1150 ’
537 1172 608 1257 43.
637 1146 885 1230 Testificatio
916 1143 1150 1234 donationis
1180 1143 1350 1228 ecclesrae
1375 1147 1425 1226 de
1455 1142 1712 1226 Bathentuna
1742 1169 1836 1226 cum
1867 1141 2033 1238 dimidia

634 1265 734 1354 hida
748 1284 864 1352 terrae
882 1285 1031 1351 etcum
1046 1265 1238 1349 omnibus
1258 1265 1336 1348 illis
1352 1267 1483 1360 rebus,
1505 1290 1605 1374 quas
1621 1266 1781 1348 tenebat
1796 1261 2031 1348 Goscelinus

636 1386 840 1500 presbiter,
868 1405 1023 1471 etcum
1042 1387 1233 1471 omnibus
1263 1381 1427 1469 decimis
1456 1384 1563 1468 illius
1592 1385 1760 1468 manerii
1790 1413 1860 1496 per
1878 1385 2033 1468 Walci-

634 1533 738 1590 num
767 1509 817 1590 de
840 1507 1002 1606 Duaio;
1031 1506 1211 1592 etunius
1235 1507 1340 1590 hidae
1368 1533 1458 1614 quae
1485 1507 1710 1616 appellatur
1728 1507 1933 1588 Forcume
1962 1533 2032 1616 per

633 1626 874 1710 Raimarum
896 1627 1076 1712 Walcini
1096 1627 1262 1711 fratrem
1282 1644 1322 1710 et
1342 1626 1561 1709 Girardum
1582 1625 1755 1732 ejusdem
1775 1627 2032 1736 dapiferum

632 1759 674 1826 et
693 1747 857 1830 ecclesrae
874 1749 925 1830 de
945 1745 1151 1833 Brossuna
1170 1777 1263 1831 cum
1284 1775 1368 1830 una
1386 1745 1542 1855 virgula
1562 1763 1675 1828 terrae
1694 1765 1733 1830 et
1752 1747 1943 1829 or'nnibus
1962 1752 2032 1830 de·

634 1862 749 1946 cimis
769 1884 809 1948 et
827 1867 1183 1951 consuetudinibus
1204 1895 1275 1978 per
1293 1867 1466 1948 eundem
1483 1867 1726 1962 Girardum;
1748 1866 2030 1950 et'medietatis

630 1989 797 2071 decimae
820 1991 869 2071 de
889 1989 1034 2072 Careio
1054 2007 1094 2072 et
1113 1989 1276 2072 eccsesrae
1300 1989 1349 2068 de
1364 1977 1514 2097 ¹Brigga
1532 2013 1625 2070 curn
1646 1987 1837 2070 omnibus
1867 1990 2030 2075 decimis

633 2125 674 2190 et
693 2111 1049 2194 consuetudinibus
1070 2139 1144 2221 per
1160 2107 1338 2192 Wascini
1357 2135 1545 2206 uxorem,
1565 2126 1606 2216 p.
1623 2111 1690 2215 96.

535 2257 605 2338 44.
633 2231 904 2315 Confirmatio
929 2225 1175 2344 precedentis
1194 2227 1426 2314 donationis
1456 2255 1527 2339 per
1547 2229 1804 2314 Willesmum
1824 2233 2030 2318 Exonicn·
2146 2279 2151 2298 =

630 2349 710 2434 sem
730 2352 974 2464 episcopum,
997 2371 1039 2462 p.
1057 2378 1124 2462 97.

534 2495 603 2578 45.
629 2471 816 2554 Donatio
831 2472 1018 2556 omnium
1038 2468 1316 2583 possessionum
1339 2466 1566 2554 monasterii
1582 2471 1843 2552 Bathonenfis
1866 2472 1907 2555 in
1929 2501 2030 2583 aug·

631 2591 924 2675 mentationern
946 2593 1287 2694 summersetensrs
1299 2592 1556 2702 episcopatus
1579 2593 1646 2698 (eo
1665 2607 1783 2672 tenus
1807 2610 1856 2675 ut
1881 2593 1937 2676 ibi
1963 2597 2029 2677 iu-

630 2709 811 2794 stitueret
837 2714 969 2822 presul
995 2740 1085 2797 earn
1110 2713 1275 2820 sedem)
1306 2739 1378 2822 per
1397 2711 1653 2792 Wislesmum
1673 2715 1725 2792 Is.
1749 2738 1881 2820 regern
1904 2719 1955 2797 A.
1972 2721 2026 2802 D.

509 2875 513 2880 ·
639 2831 758 2928 1088,
779 2851 823 2941 p.
841 2833 906 2940 98.

533 2951 603 3057 46.
632 2953 814 3034 Donatio
831 2953 959 3036 totius
978 2953 1148 3038 civitatis
1169 2951 1377 3036 Bathoniae
1396 2949 1440 3034 in
1460 2947 1834 3060 augmentationem
1853 2951 2027 3064 ejusdem

502 3117 506 3128 ·
632 3069 881 3182 episcopatus
900 3101 971 3183 per
990 3075 1163 3156 cundem
1183 3099 1331 3180 regem,
1356 3087 1398 3180 p.
1422 3097 1510 3151 100.

536 3215 605 3300 47.
634 3191 817 3274 Licentia
836 3191 1008 3286 faciendi
1035 3217 1267 3274 warennam
1291 3188 1468 3273 concessa
1493 3187 1676 3300 episcopo
1696 3190 1937 3278 Bathonensr
1958 3224 2030 3309 per

631 3315 803 3396 eundem
825 3341 972 3422 regern,
994 3331 1038 3425 p.
1061 3343 1149 3396 101.

532 3435 599 3540 48.
628 3435 901 3518 Confirmatio
948 3433 1195 3546 precedentis
1240 3429 1471 3516 donationis
1507 3431 1678 3515 civitatis
1714 3435 1921 3521 Bathoniae
1956 3467 2029 3553 per

631 3557 857 3638 Henricum
880 3559 909 3638 s.
931 3583 1065 3664 regem
1083 3560 1134 3638 A.
1152 3559 1206 3636 D.
1232 3581 1349 3648 1101,
1379 3553 1472 3634 ibid.

479 3671 482 3678 ’
533 3703 602 3784 49.
634 3675 816 3757 Donatio
849 3699 877 3758 v
906 3674 1094 3758 hidarum
1125 3690 1240 3756 terrae
1269 3675 1317 3754 de
1347 3672 1541 3755 Westona
1573 3672 1757 3785 episcopo
1791 3693 1831 3758 et
1860 3681 2028 3767 ecclefiae

631 3794 872 3900 Bathonenfi
893 3821 963 3904 per
981 3793 1201 3877 Patricium
1221 3797 1273 3872 A.
1291 3795 1343 3871 D.
1369 3819 1487 3888 1100,
1514 3809 1552 3900 p.
1575 3819 1662 3898 104.

536 3940 603 4021 50.
630 3913 901 3996 Confirmatio
918 3914 1091 4020 ejusdem
1110 3911 1339 3998 donationis
1358 3937 1431 4020 per
1451 3910 1675 3994 Henricum
1698 3913 1727 3996 1.
1749 3942 1883 4024 regem
1903 3923 1953 4001 A.
1971 3923 2025 4004 D.
2137 3929 2142 3937 '

638 4059 753 4130 1100,
777 4051 820 4143 p.
844 4060 932 4144 105.

533 4179 601 4260 51.
631 4153 900 4237 Confirmatio
933 4151 1164 4238 donationis
1198 4153 1369 4238 civitatis
1399 4151 1609 4236 Bathoniae
1641 4173 1681 4236 et
1710 4157 2024 4268 transposrtionis

581 4323 584 4331 ,
628 4271 727 4354 sedis
747 4271 977 4384 episcopalis
996 4273 1038 4358 in
1059 4276 1226 4357 eandem
1246 4303 1318 4385 per
1337 4272 1565 4355 Henricum
1584 4277 1614 4354 Ι.
1639 4281 1684 4358 A.
1704 4279 1756 4358 D.
1779 4303 1898 4378 1111,
1928 4285 2022 4368 ibid.

534 4417 600 4500 52·
630 4391 899 4475 Confirmatio
912 4393 1085 4501 ejusdem
1103 4421 1175 4506 per
1189 4398 1415 4478 Robertum
1430 4395 1572 4474 ducem
1589 4394 1861 4494 Normanniae,
1873 4419 1916 4508 p.
1937 4406 2024 4486 106.

513 4508 602 4624 ’[55.
631 4511 812 4600 Donatio
841 4513 1012 4596 civitatis
1038 4517 1248 4600 Bathoniae
1277 4517 1319 4600 in
1350 4513 1721 4625 augmentationem
1750 4517 1847 4600 sedis
1874 4521 2024 4632 episco-

633 4633 732 4744 palis
753 4660 823 4744 per
844 4634 1067 4719 Henricum
1089 4642 1119 4720 1.
1140 4657 1184 4748 p.
1207 4665 1297 4748 107.

535 4783 601 4865 54.
630 4759 734 4836 Duae
760 4771 878 4866 cartae
899 4751 1068 4872 Henrici
1095 4757 1197 4867 regis
1218 4775 1265 4838 ut
1284 4755 1472 4840 monachi
1495 4755 1763 4840 Bathonenses
1793 4757 1870 4844 smt
1898 4763 2041 4876 quieti.

631 4875 683 4954 ab
701 4870 814 4954 omni
834 4871 999 4970 telonio,
1016 4878 1091 4956 occ.
1111 4875 1154 4959 in
1174 4878 1291 4958 rebus
1312 4874 1504 4976 emendis,
1530 4895 1571 4985 p.
1595 4876 1685 4959 108'.

537 5016 601 5101 55.
631 4993 752 5072 Carta
786 4989 962 5098 ejusdem
998 4991 1100 5102 regis
1132 5015 1181 5079 ut
1217 4995 1295 5078 sant
1327 4994 1453 5107 quieti
1486 4995 1535 5076 de
1568 4995 1758 5081 omnibus
1792 4999 1948 5110 psacitis
1984 5022 2025 5092 et

613 5109 782 5219 querelis
803 5111 902 5194 dum
923 5109 1076 5197 fuerint
1095 5111 1139 5198 in
1157 5141 1284 5200 manu
1302 5115 1418 5228 regis,
1448 5115 1540 5198 ibid.

1215 5241 1302 5346 Q
1766 5177 1769 5184 ⁴
1848 5245 1913 5356 56.
1941 5247 2034 5332 Pla.
