4980 6264
455 801 522 896 66
1227 801 1286 900 C.

514 1019 575 1076 10.
605 991 753 1104 Speeoh
773 989 822 1074 of
840 987 891 1072 sn·
909 987 1103 1075 Nscholas
1124 993 1265 1074 Carew
1290 1005 1331 1076 at
1357 991 1419 1078 his
1439 993 1650 1082 execution
1672 1024 1729 1082 on
1748 1002 2003 1105 Tomos-hill,

608 1117 754 1199 March
780 1146 818 1225 3,
856 1113 983 1223 15383
1015 1113 1412 1228 communicatedlto
1439 1117 1678 1232 archb'slhop
1704 1123 1852 1208 Parker
1874 1127 1928 1239 by
1954 1128 2005 1212 sss

609 1241 764 1322 Robert
784 1235 960 1336 Chester,
981 1255 1025 1348 p.
1047 1268 1141 1348 333.

516 1393 577 1448 11.
607 1359 938 1475 Representation
962 1359 1012 1442 of
1032 1363 1101 1443 the
1126 1359 1225 1447 state
1247 1359 1298 1446 of
1315 1362 1385 1448 the
1407 1361 1597 1450 christian
1615 1363 1734 1454 ssaves
1760 1367 1806 1454 in
1826 1372 2005 1486 Turkey‚

518 1637 580 1693 12.
604 1489 771 1690 ihirilfs
791 1607 836 1690 in
855 1605 1057 1716 England,
1085 1635 1131 1692 12
1151 1605 1255 1694 Elio.

1163 1815 1286 1934 ‘CL

512 1980 627 2064 Codex
643 1980 851 2064 chartaceus
868 1981 1024 2093 infolio,
1031 1982 1150 2094 ficulo
1168 1983 1240 2064 xvi
1247 1981 1421 2094 scriptus,
1439 1984 1481 2068 in
1499 2012 1565 2096 quo
1581 1985 1822 2085 continentur,

519 2132 553 2188 1.
583 2103 760 2216 Epistola
780 2104 947 2188 Henrici
966 2106 1015 2186 de
1034 2104 1308 2216 Huntingdon
1328 2107 1378 2188 ad
1392 2107 1612 2192 Warinum
1629 2108 1678 2190 de
1696 2107 1855 2218 regibus
1874 2107 2011 2194 Brito·

582 2253 698 2326 num,
733 2227 792 2336 [in
810 2227 1043 2336 membranis]
1066 2248 1110 2339 p.
1136 2258 1170 2312 1.

586 2363 612 2398 “
632 2356 729 2433 Haec
755 2352 981 2434 continentur
1008 2353 1049 2434 in
1064 2351 1145 2462 fine
1171 2351 1328 2459 historia
1352 2349 1546 2468 Sigisberti
1569 2355 1820 2466 Gemblacensts
1839 2370 1911 2466 per
1935 2359 2013 2438 Ro-

582 2474 722 2556 bertnm
750 2473 792 2556 de
818 2469 985 2568 Torineio
1008 2473 1170 2556 abbatem
1199 2479 1239 2558 S.
1261 2477 1458 2558 Michaelis
1485 2477 1528 2560 dc
1550 2479 1678 2561 Monte
1707 2477 1748 2558 in
1778 2480 2014 2562 Norn'rannia

583 2597 755 2708 quondam
767 2597 929 2706 priorem
949 2595 1098 2679 cenobii
1114 2599 1303 2708 Beccerfis.
1450 2627 1458 2640 ·

514 2747 552 2804 2.
581 2719 736 2804 Nennii
753 2746 813 2800 res
831 2718 948 2828 gestae
969 2719 1199 2818 Britonum,
1222 2739 1264 2833 p.
1285 2749 1326 2832 7.

582 2844 693 2956 Deest
704 2843 881 2953 proflatio,
894 2843 967 2954 std
979 2843 1152 2954 adfinem
1175 2845 1352 2928 habentur
1369 2876 1423 2927 xx
1441 2864 1520 2956 cap.
1540 2845 1581 2928 de
1604 2845 1833 2930 mirabilibus
1852 2847 2014 2934 Britan·

584 2969 671 3064 nice,
692 2965 818 3076 irfialae
837 2971 975 3057 omna.
995 2985 1031 3047 et
1048 2967 1245 3048 Hiberniae
1262 2997 1288 3047 a
1307 2968 1361 3048 Cl.
1384 2969 1477 3048 Gale
1493 2997 1561 3048 non
1580 2967 1691 3048 edita.

515 3121 554 3206 3.
584 3089 682 3172 Vita
699 3087 925 3170 sanitiffimi
950 3105 1071 3200 atque
1098 3085 1334 3172 devotiffimi
1349 3086 1425 3170 viri
1443 3087 1574 3172 Gildae
1593 3115 1616 3170 a
1635 3091 1840 3176 Camdoco
1859 3095 2015 3180 Nacar·

583 3210 746 3296 banenss
765 3210 922 3324 scripta,
947 3229 988 3323 p.
1008 3241 1077 3322 43.

582 3337 701 3420 Nihil
723 3337 947 3420 memorabile
965 3336 1119 3418 continet
1136 3335 1212 3419 haec
1232 3333 1381 3446 hasteria
1400 3333 1738 3447 psiudo-miraculis
1764 3339 1918 3449 resecta,
1947 3341 2018 3450 nisi

584 3461 678 3573 quod
701 3461 767 3541 duo
796 3477 914 3569 opera,
947 3488 1056 3540 unum
1085 3476 1240 3571 quatuor
1264 3457 1577 3570 evangelplarum
1609 3459 1765 3542 alterum
1794 3461 1837 3544 de
1859 3461 2016 3574 historiis

584 3585 812 3679 Britannice,
833 3582 955 3664 Gildae
971 3581 1119 3664 tribuit.

442 3737 443 3740 ‘
514 3736 556 3814 4.
586 3705 790 3790 Geneseoss
809 3703 942 3815 capita
959 3703 1052 3786 xxiv
1070 3701 1204 3816 priora
1223 3703 1416 3788 Saxonice
1436 3733 1507 3816 per
1526 3701 1755 3788 AElfsicum.

585 3830 742 3940 Verfioni
760 3829 1359 3939 praefigitnr,Aofcp1ptupapum
1384 3831 1566 3906 lecssonem
1591 3831 1791 3927 exhoptasso
1803 3829 1956 3942 stampta
1972 3861 2017 3914 ex

573 3952 736 4068 sermone
754 3955 803 4035 Β.
820 3952 1019 4062 Augzstini
1035 3951 1077 4034 de
1090 3971 1269 4062 tempore:
1291 3951 1384 4033 banc
1399 3978 1486 4030 vero
1505 3949 1642 4058 excipit
1660 3949 1825 4061 epistola
1844 3951 2014 4038 AEtfrici.

519 4103 557 4186 ς.
586 4073 822 4158 Psotestatio
839 4073 948 4157 salta
965 4074 1132 4156 nomine
1150 4071 1318 4156 Henrici
1330 4075 1404 4170 VI,
1424 4069 1580 4181 nequis
1599 4073 1753 4181 legatus
1767 4073 2016 4184 ingrediatur

586 4225 757 4307 regnum
777 4197 857 4280 fine
875 4197 1037 4282 licentia
1054 4195 1174 4308 ipssus
1201 4197 1319 4303 1428,
1342 4215 1385 4306 p.
1407 4194 1472 4304 87.
1525 4245 1527 4252 ι

516 4327 562 4406 In
574 4320 774 4433 primordis
793 4322 895 4429 lezejm
912 4323 1030 4430 regni,
1057 4321 1241 4432 optimates
1259 4321 1299 4401 in
1317 4318 1477 4427 diversas
1493 4316 1663 4398 abierunt
1677 4333 1818 4427 partes,
1843 4319 1915 4401 alii
1931 4319 2018 4402 duci

459 4449 502 4532 de
519 4445 726 4556 Gloceslria,
752 4443 822 4524 alii
840 4423 1024 4526 cardinali
1040 4443 1082 4524 de
1100 4443 1329 4560 Beasffortst
1346 4439 1559 4536 abdicantes,
1582 4439 1665 4521 dum
1684 4441 1805 4550 igitur
1823 4441 1865 4524 de
1868 4443 2016 4554 stemma

451 4569 620 4682 potestate
632 4567 780 4679 inorsa
793 4565 1048 4678 disceptabant,
1067 4565 1259 4678 applolicae
1264 4562 1362 4680 sedis
1374 4564 1512 4673 legatus
1527 4564 1730 4646 nominatus
1743 4563 1790 4672 esl
1801 4563 2014 4662 cardinalis,

1872 4703 2016 4768 veritus

515 4977 593 5060 CL]
611 4977 674 5044 Vct.
692 4982 758 5045 Get.
775 4977 868 5044 Mtte.
885 4977 937 5044 M.
953 4977 1049 5048 MSS.
1068 4978 1153 5061 Angl.
1174 4975 1376 5065 1641-374.

338 5087 343 5094 ’
516 5074 566 5158 2.]
583 5075 652 5143 Vrde
666 5073 860 5139 cxxx1x.
879 5095 933 5142 22.

517 5171 567 5258 3·]
584 5173 654 5242 Vade
667 5169 861 5256 CXXXIX.
882 5191 935 5253 24.
1014 5177 1017 5184 “

513 5265 565 5351 4.]
582 5266 651 5337 Vide
665 5261 916 5332 CCCLXXIX.
934 5285 966 5354 3.
