4994 6264
1060 787 1299 892 CCCCV.
1887 799 1981 922 383

494 1017 560 1108 24.
586 995 665 1078 Les
692 984 875 1074 distiches
904 983 1076 1070 morales
1108 979 1157 1068 de
1181 983 1317 1066 Canon
1345 979 1459 1066 mises
1486 1000 1539 1065 en
1566 999 1653 1064 vers
1686 999 1762 1096 pan
1790 979 1904 1070 Helie
1937 983 1988 1070 de

588 1113 847 1225 Guyncestre,
870 1123 912 1222 p.
928 1119 1020 1220 3172

589 1239 788 1350 Incipiunt,
820 1245 847 1282 “
867 1235 925 1317 Ki
943 1249 1031 1315 nont
1035 1233 1154 1342 saner
1171 1232 1209 1314 Ia
1214 1229 1417 1341 fcitement

821 1355 1422 1464 “KeCatunasunfizaprcnt

821 1491 848 1528 “
869 1481 915 1562 Si
930 1509 973 1560 en
991 1476 1112 1560 Latin
1130 1475 1252 1587 nelset
1268 1471 1433 1558 entendrc

602 1631 605 1638 ·
757 1679 761 1686 .
821 1613 848 1650 “
870 1601 930 1684 Ici
945 1598 977 1682 Ie
988 1615 1054 1710 pot
1072 1627 1114 1682 en
1134 1599 1325 1681 rumainiz
1341 1597 1517 1707 npcendre

821 1735 849 1771 “
868 1727 957 1806 Cum
975 1723 1080 1804 Helis
1098 1723 1140 1804 de
1157 1717 1368 1830 Guyncestre

817 1841 1320 1954 “IGdcutnetaficdcstrc

818 1979 847 2016 “
867 1969 932 2051 Lu
948 1963 1405 2077 transsatcfifhtcmentt.”

494 2131 516 2186 2
522 2128 559 2213 ς.
587 2099 687 2179 vers
707 2092 772 2176 sur
789 2093 962 2187 l'amour
977 2091 1035 2171 du
1053 2088 1261 2201 prochain,
1285 2107 1362 2198 p.3
1397 2111 1434 2197 3.

590 2218 791 2329 Incipiunt,
823 2225 850 2260 “
869 2214 1021 2326 Chescun
1040 2214 1115 2294 deit
1131 2212 1218 2323 estre
1233 2209 1334 2293 amni

821 2348 849 2384 “
872 2337 958 2419 Par
973 2335 1012 2418 la
1022 2333 1160 2448 ‘meſsere
1176 2333 1273 2446 desti
1289 2329 1427 2416 bonttt’

495 2469 560 2552 26.
588 2467 688 2548 vers
707 2461 773 2546 sur
790 2459 828 2542 le
844 2457 938 2568 jour
956 2459 1012 2539 du
1030 2457 1251 2567 jugement,
1274 2474 1316 2567 p.
1333 2481 1353 2564 3
1361 2479 1426 2565 57.

591 2586 792 2696 Incipiunt,
825 2593 851 2630 “
871 2585 947 2665 Ore
963 2581 1096 2693 cfcuter
1111 2580 1169 2662 det
1169 2579 1359 2690 jugement

826 2715 854 2751 “
874 2708 1015 2798 Dount
1015 2719 1112 2814 pour
1128 2721 1217 2784 veut
1233 2695 1439 2812 ensencnt.”

498 2859 563 2943 27.
593 2835 656 2914 De
674 2829 846 2940 paffione
866 2823 1040 2922 Christi,
1049 2845 1094 2937 p.
1108 2824 1203 2934 368.

594 2955 744 3064 Incipit,
776 2963 804 2998 “
824 2942 915 3036 Deu
930 2949 1143 3059 omnipotcnt

777 3085 805 3120 “
825 3075 883 3155 Kc
899 3071 941 3154 nl
952 3067 1274 3154 connuncunnu.”

499 3197 565 3284 28.
591 3191 814 3280 Divifiones
833 3191 991 3290 mundi,
1014 3191 1176 3302 [autore
1195 3195 1313 3274 Perot
1329 3189 1378 3274 de
1396 3185 1617 3300 Garbelie,]
1642 3201 1682 3296 p.
1698 3213 1792 3298 394.
1880 3175 1885 3186 ’

597 3319 798 3430 Incipiunt,
828 3327 855 3362 “
876 3321 939 3400 En
958 3315 1056 3398 livre
1072 3313 1114 3398 de
1130 3313 1219 3397 haut
1236 3341 1320 3396 cure
1965 3343 1969 3354 ·

809 3523 812 3530 ,
831 3451 858 3485 “
878 3440 935 3520 Ki
950 3437 1090 3550 descrist
1107 3437 1142 3520 et
1158 3435 1354 3547 dcjkctcre.''

504 3591 569 3672 29.
599 3563 663 3644 De
681 3555 963 3653 Anti-christo,
985 3579 1029 3670 p.
1043 3584 1094 3663 42
1101 3583 1138 3666 ς.

599 3681 749 3793 Incipit,
780 3689 809 3728 “
829 3679 980 3788 Meistnc
1000 3679 1226 3791 Beneitseies
1243 3699 1285 3761 tn

782 3809 809 3847 “
832 3803 912 3884 Ben
930 3829 984 3883 nne
997 3827 1042 3898 ,as
1060 3800 1102 3882 de
1119 3819 1178 3882 tut
1196 3799 1298 3912 νότοι
1316 3803 1465 3885 rendu.”

507 3957 569 4044 30·
598 3921 707 4010 Vis10
725 3919 851 4007 sanffi
870 3919 999 4022 Pauli,
1017 3919 1242 4040 inpenietin,
1265 3939 1307 4034 p.
1319 3951 1347 4030 4
1351 3951 1415 4036 57.

602 4047 753 4160 Incipit,
784 4055 810 4093 “
830 4047 1003 4156 Seignurs
1005 4045 1134 4158 freres
1150 4073 1192 4128 cr
1208 4045 1338 4158 escntcz

784 4179 812 4216 “
833 4171 924 4252 chs
939 4169 980 4250 ki
998 4170 1076 4280 estes
1093 4200 1119 4251 a
1136 4165 1202 4252 dtu
1218 4171 1380 4250 nomez.”

508 4321 573 4410 3¹·
603 4291 791 4378 Discours
808 4291 876 4375 des
895 4287 1097 4376 moralitfis
1118 4290 1192 4374 tir&
1210 4291 1276 4373 des
1295 4289 1560 4404 philosophos,
1584 4310 1626 4402 p.
1638 4293 1733 4402 463.

509 4445 573 4532 3²·
602 4415 746 4500 Literae
775 4429 956 4526 patentes
986 4412 1171 4497 Edwardi
1199 4413 1300 4523 regis
1330 4439 1405 4524 pro
1435 4412 1706 4498 observatione
1738 4413 2009 4526 quorundam.

605 4537 867 4621 articulomm
902 4537 948 4620 in
989 4535 1256 4649 parliamento
1292 4535 1569 4622 ordinatorum
1606 4561 1683 4650 pro
1719 4535 1997 4620 emendatione

604 4661 727 4744 status
746 4675 860 4742 terrae
880 4657 1110 4770 Hyberniae,
1134 4677 1175 4770 p.
1187 4659 1284 4768 496.
1401 4763 1406 4772 ⁸

511 4815 576 4898 33.
606 4779 933 4894 Representation
952 4783 1019 4864 des
1040 4779 1195 4879 maires,
1225 4776 1370 4864 baillifs
1389 4795 1430 4860 et
1449 4780 1717 4866 communitis
1738 4783 1805 4864 des
1822 4767 1919 4866 citts'
1942 4811 1995 4868 au

605 4905 742 5014 justice
757 4921 799 4986 et
813 4901 1027 4986 conseilde
1045 4905 1154 4988 l'etut
1171 4905 1381 4997 d'Irlande,
1404 4921 1446 5014 p.
1459 4907 1554 5011 468.

514 5057 579 5140 34.
609 5031 730 5110 Cana
744 5025 931 5109 Edwardi
944 5026 1045 5136 regis
1064 5043 1112 5108 ut
1124 5025 1254 5134 major
1268 5023 1435 5109 civitatis
1451 5029 1498 5110 de
1513 5023 1745 5110 Waterford
1761 5051 1845 5108 non
1862 5045 2013 5114 tenea..

609 5166 676 5231 tur
695 5149 751 5231 ire
769 5151 818 5231 ad
835 5147 992 5232 Dublin
1012 5149 1062 5231 ad
1082 5145 1371 5232 sacramentum
1390 5151 1658 5264 prestandum,
1679 5148 1740 5232 sed
1758 5147 1890 5261 ipsum
1908 5181 2011 5268 pre..

473 5315 476 5320 ·
609 5268 791 5355 deceffori
811 5269 881 5358 suo
901 5270 1028 5356 facere
1046 5272 1189 5372 valeat,
1211 5292 1253 5385 p.
1269 5301 1362 5384 50¹·

1787 5359 1852 5509 is·
1881 5399 2003 5485 cana
