5036 6264
1121 795 1304 893 cxrn.
1924 758 2019 930 i35

528 984 591 1071 16.
619 981 800 1096 Epistola
828 975 996 1062 sturmii
1024 979 1074 1063 ad
1092 977 1341 1062 Aschamum
1370 977 1464 1063 data
1483 975 1745 1090 Argentorati
1769 976 1891 1064 nonis
1913 981 2020 1094 Sept.

627 1133 745 1214 1550,
773 1103 816 1187 in
837 1127 918 1214 qua
937 1100 1021 1184 fuse
1040 1102 1123 1212 agit
1143 1102 1192 1182 de
1217 1101 1374 1184 ratione
1392 1127 1516 1211 quam
1537 1101 1717 1185 observat
1736 1100 1780 1184 in
1804 1101 2022 1210 juvenibus

617 1224 889 1321 instituendis,
911 1240 951 1306 et
970 1222 1067 1307 dicit
1087 1225 1123 1306 se
1143 1222 1281 1306 minue
1299 1223 1383 1305 duo
1402 1224 1644 1334 exemplaria
1659 1223 1719 1307 sui
1736 1224 1861 1308 libelli
1879 1227 1963 1337 regi
1979 1248 2020 1310 et

618 1345 1054 1432 dominae·Elizabethae
1073 1345 1198 1428 sorori
1217 1343 1318 1453 ejus,
1340 1364 1383 1455 p.
1406 1373 1496 1451 141.

518 1475 588 1582 17.
617 1470 798 1582 Epistola
822 1466 996 1550 Martini
1016 1466 1234 1585 Schellingi
1256 1469 1307 1549 ad
1326 1465 1635 1576 Argentinenses
1662 1469 1756 1553 data
1773 1465 2019 1552 Wolfachiae

623 1619 673 1675 10
693 1596 799 1704 Sept.
825 1617 943 1700 1541,
970 1591 1019 1672 de
1038 1587 1093 1673 eis
1119 1617 1211 1700 quae
1236 1588 1280 1672 in
1301 1590 1460 1676 ecclesra
1478 1589 1760 1701 Argentinenst
1789 1591 1920 1676 adhuc
1938 1591 2018 1676 srnt

615 1714 864 1824 corrigenda,
886 1732 930 1823 p.
952 1741 967 1795 1
977 1739 1000 1822 5
1005 1740 1043 1822 5.

515 1833 585 1922 18.
615 1826 796 1949 Epistola
820 1835 997 1946 Philippi
1017 1831 1322 1917 Mel'anchtonis.
1341 1833 1391 1917 ad
1413 1837 1612 1918 Bucerum
1642 1835 1736 1916 data
1761 1860 1808 1916 12
1838 1831 1902 1916 die
1921 1831 2015 1940 Jan.

617 1962 729 2070 quod
748 1959 969 2072 imperator
980 1973 1020 2038 et
1031 1985 1098 2040 rex
1111 1958 1293 2040 Gallicus
1306 1957 1589 2040 consenserunt
1601 1973 1647 2039 ut
1663 1953 1882 2038 concilium
1893 1979 2017 2064 gene·

615 2083 698 2162 rale
717 2109 788 2192 per
806 2079 1041 2192 pontificem
1062 2077 1306 2162 indiceretur
1324 2097 1364 2161 et
1384 2079 1571 2164 Tridenti
1590 2079 1818 2175 haberetur,
1840 2097 1883 2186 p.
1906 2079 1954 2159 16
1959 2103 1998 2186 5.

523 2226 585 2310 19.
613 2199 707 2282 The
730 2227 869 2285 names
890 2199 939 2282 os
959 2199 1028 2282 the
1053 2201 1251 2283 members
1272 2198 1322 2282 of
1344 2199 1414 2282 the
1433 2199 1702 2299 convocation
1721 2197 1812 2281 that
1831 2225 1934 2282 were
1952 2197 2020 2283 for

616 2349 664 2404 or
682 2323 836 2431 against
854 2320 991 2434 priests
1013 2321 1223 2433 marriage,
1245 2349 1265 2404 a
1273 2319 1366 2430 548,
1388 2338 1432 2432 p.
1455 2347 1544 2431 170.

518 2468 584 2524 20.
613 2443 706 2525 The
725 2443 895 2555 opinion
912 2441 961 2524 of
978 2445 1031 2523 T.
1048 2441 1249 2525 Redmain
1269 2443 1311 2524 in
1324 2440 1440 2525 favor
1454 2444 1501 2524 of
1517 2441 1623 2524 their
1637 2438 1846 2550 marriage,
1862 2457 1904 2551 p.
1923 2465 2016 2550 174.

518 2588 584 2648 21.
612 2566 677 2646 De
701 2561 894 2672 conjugio
919 2561 1183 2660 sacerdotum,
1214 2581 1267 2646 an
1296 2558 1413 2648 liceat
1432 2563 1548 2646 sacris
1578 2559 1750 2644 initiatis
1780 2563 2020 2644 contrahere
2047 2565 2052 2580 '

614 2679 949 2768 matrimonium:
978 2681 1201 2792 affirmatur.
1230 2699 1372 2767 autore
1399 2683 1584 2768 Iohanne
1609 2680 1860 2766 Macchabeo
1881 2685 2019 2782 Scoto,

641 2832 687 2886 ,ι
752 2865 762 2885 .

517 2951 583 3013 22.
607 2821 820 3038 iil-ohim
838 2925 887 3008 de
905 2925 1028 3010 veteri
1046 2941 1086 3009 et
1103 2953 1212 3012 novo
1230 2927 1499 3012 instrumento
1518 2953 1567 3009 ex
1587 2923 1792 3038 scripturis
1806 2919 2019 3037 utriusque

614 3047 854 3136 testamenti.
876 3067 920 3158 p.
943 3049 1032 3156 189.

519 3195 583 3279 23.
613 3173 682 3252 An
702 3167 965 3252 srmoniacum
986 3171 1033 3252 srt
1061 3195 1222 3252 necnon
1250 3165 1401 3277 aliquid
1420 3165 1575 3278 exigere
1596 3167 1646 3250 ab
1666 3195 1714 3250 eo
1729 3165 1800 3278 qui
1830 3169 1880 3250 ad
1908 3191 2014 3280 prae·

614 3291 788 3374 bendam
815 3291 957 3374 assumi
985 3291 1103 3374 debet
1131 3289 1441 3388 ecclesraslicam
1472 3318 1689 3404 quocunqe
1716 3289 1817 3374 illud
1848 3289 2018 3376 nomine

614 3409 825 3520 exigatur?
855 3429 1027 3520 negatur.
1048 3429 1091 3520 p.
1114 3437 1203 3520 197.

517 3559 582 3640 24.
610 3539 680 3616 An
708 3535 860 3644 templa
879 3531 1107 3616 consecrata
1133 3531 1219 3614 filio
1237 3529 1317 3616 Dei
1345 3531 1454 3614 bona
1481 3529 1723 3630 conscientia
1744 3531 2015 3618 Anti-christo

612 3655 690 3737 smt
708 3653 951 3738 deserenda?
979 3672 1148 3762 negatur.
1174 3673 1214 3763 p.
1233 3681 1328 3737 201.

517 3803 582 3887 25.
611 3779 710 3860 Non
725 3777 868 3857 dehere
883 3803 942 3857 res
958 3773 1243 3872 ecclesiasticas,
1265 3777 1315 3857 ad
1334 3773 1544 3885 publicum
1561 3771 1659 3856 sacri
1674 3771 1882 3860 ministerii
1896 3773 2014 3859 usum

614 3891 841 3994 destinatas,
871 3895 921 3976 ad
941 3893 1040 3977 alios
1061 3895 1154 3978 usus
1174 3914 1245 3978 aut
1273 3895 1324 3977 ad
1347 3893 1522 4006 privatas
1548 3893 1766 3980 hominum
1786 3897 2015 3980 commodi-

612 4032 714 4099 tates
744 4013 976 4110 transferri;
997 4034 1047 4097 ⁴et
1075 4015 1244 4126 proinde
1272 4043 1357 4098 non
1387 4015 1493 4126 polle
1522 4017 1630 4098 bona
1657 4039 1751 4099 cum
1770 4015 2014 4100 conscientia

613 4139 844 4252 episcopum
874 4137 1050 4250 aliquem
1080 4137 1331 4246 designatum
1362 4157 1433 4220 aut
1461 4136 1751 4247 desrgnandum
1779 4139 2012 4248 hujusmodi

613 4261 923 4346 alienationibus
944 4257 1177 4342 consentire.
1200 4278 1242 4369 p.
1263 4285 1355 4369 207.
1375 4289 1412 4342 a.
2057 4255 2061 4262 ’

514 4385 582 4466 26.
614 4387 679 4490 Αη
698 4381 815 4466 liceat
834 4377 1095 4490 ccclesrasticae
1114 4381 1291 4491 personae
1309 4409 1354 4462 ea
1373 4377 1606 4462 conditione
1624 4376 1864 4488 dignitatem
1884 4382 2009 4464 eccle-

609 4500 800 4588 siasticam
831 4523 1048 4612 acceptare,
1079 4519 1127 4586 ut
1155 4501 1244 4614 post
1273 4501 1562 4614 susceptionem
1595 4501 1752 4612 aliquos
1786 4518 2007 4612 proventus

609 4625 717 4712 illius
746 4624 953 4734 dignitatis
984 4625 1035 4707 ab
1060 4625 1218 4716 ecclessa
1245 4624 1436 4713 alienaret
1464 4625 1509 4708 in
1537 4631 1807 4739 perpetuum?
1836 4645 2009 4735 negatur.
2063 4687 2065 4692 ,

606 4765 648 4860 p·
667 4749 810 4858 2οΜ
1845 4882 1911 4969 27.
1941 4863 2010 4943 An

518 5149 587 5238 19.]
604 5151 674 5219 Vade
688 5149 813 5217 CXIV.
834 5173 906 5240 131.
923 5151 1048 5218 CXXI.
1066 5153 1098 5220 6.

517 5253 588 5340 2ο.]
605 5253 676 5326 Vide
690 5255 814 5328 CXIV.
836 5281 908 5350 132.
924 5255 1050 5326 CXXI.
1066 5259 1103 5327 ὁ,
