5058 6274
1940 763 2035 858 277

1114 947 1399 1066 CXCIX.

534 1122 652 1205 Codex
670 1119 958 1202 membranaceus
977 1116 1018 1200 in
1033 1119 1103 1224 4²⁰,
1122 1117 1245 1202 literis
1264 1115 1641 1228 Saxonicisstreptus,
1661 1119 1703 1201 in
1721 1147 1789 1230 quo
1806 1121 2041 1206 continentur
2140 1149 2146 1152 ·

535 1238 671 1323 Sandii
690 1235 909 1349 Augustini
928 1239 977 1319 de
994 1235 1177 1319 trinitate
1196 1236 1265 1319 lib.
1283 1264 1347 1318 xv.

533 1361 682 1466 Depone
700 1359 793 1441 libri
814 1379 926 1454 vus,
951 1378 1001 1438 sx
1025 1372 1062 1438 et
1082 1377 1110 1439 x
1133 1374 1274 1465 espars
1292 1356 1386 1438 libri
1407 1379 1498 1454 vss,
1521 1377 1573 1440 xs
1595 1375 1632 1440 et
1652 1381 1734 1443 xv.

534 1481 605 1564 Ad
613 1481 732 1590 finem
756 1477 861 1590 htejus
888 1477 1019 1561 codicis
1030 1476 1124 1588 stent
1145 1479 1281 1588 verses,
1311 1477 1505 1586 exquibus
1532 1477 1701 1588 discimus
1727 1479 1831 1562 illum
1847 1481 2035 1590 scriptum

463 1602 583 1716 sulse
600 1632 626 1684 a
644 1603 793 1714 quodam
811 1599 982 1702 Iohanne,
996 1618 1106 1709 gente
1122 1601 1304 1698 Ceretica,
1327 1599 1479 1710 Sulgeni
1494 1601 1648 1711 episcopi
1663 1601 1884 1705 Meneveess
1901 1623 2033 1684 cotem·

471 1745 631 1836 poraneo
649 1743 685 1808 et
702 1753 831 1806 amico.

1195 1911 1319 2026 CC.

534 2074 651 2158 Codea
668 2071 958 2158 membranaceus
977 2071 1019 2152 in
1038 2077 1108 2175 4²⁰,
1114 2067 1236 2176 seculo
1253 2069 1316 2151 xii
1331 2071 1492 2171 exeunti,
1519 2071 1585 2154 vel
1597 2073 1840 2157 xiii-ineunti
1849 2071 2033 2186 scriptus,

479 2193 521 2277 in
538 2225 605 2306 quo
624 2195 832 2278 continetur

533 2313 767 2399 Baldwinus
787 2309 1105 2428 archiepiscopus
1121 2311 1418 2399 cantuarienfis
1438 2313 1488 2396 de
1506 2312 1762 2398 inestimabili
1783 2313 2032 2399 sacramento
2162 2325 2168 2332 '

480 2435 629 2518 altaris.

532 2559 599 2638 De
626 2557 690 2640 hoc
712 2556 828 2641 codice
839 2553 900 2661 sic
912 2557 1066 2665 scripfit
1082 2559 1301 2640 Parkeruse
1333 2568 1360 2604 “
1379 2556 1460 2638 Hic
1476 2555 1571 2640 liber
1590 2557 1766 2665 proprius
1787 2557 1895 2640 codex
1915 2553 2034 2644 Bata.-

481 2689 507 2726 “
527 2679 625 2761 suini
644 2679 812 2789 scriptus
845 2708 957 2760 manu
978 2679 1055 2790 stoa
1087 2679 1171 2760 dum
1203 2697 1288 2760 erat
1320 2678 1602 2788 archiepisopus
1636 2679 1920 2786 Cantuarienfis,
1955 2693 2035 2759 tam

481 2809 508 2850 ‘⁸
528 2819 701 2884 accurate
733 2818 777 2883 ut
806 2801 879 2882 vix
911 2801 1069 2907 reperies
1099 2799 1263 2911 aliquam
1294 2800 1457 2883 mendam
1494 2807 1694 2907 (quantum
1726 2797 2035 2908 adscriptionem
2098 2844 2105 2857 ·

481 2931 508 2970 ‘⁶
527 2923 686 3022 attinet)
702 2941 775 3031 per
791 2937 905 3002 totum
924 2920 1072 3002 librum.
1129 2918 1479 3028 Quamvisfhrtaffie
1495 2920 1550 3000 ad
1563 2921 1783 3002 ornatiorem
1798 2919 2036 3028 scripturam

481 3053 508 3090 “
528 3045 734 3154 aliquorum
747 3040 1165 3150 verstsumsuppletiofit
1172 3060 1243 3151 per
1256 3041 1405 3123 literam
1412 3043 1743 3152 punctosuppostto,
1766 3062 1808 3125 ut
1815 3059 1887 3150 per
1899 3038 2036 3121 librum

481 3173 508 3214 ‘⁸
527 3166 718 3276 aliquoties
735 3163 865 3244 videre
883 3161 981 3242 licet.
1038 3167 1136 3244 Ecce
1154 3163 1388 3271 diligentiam
1399 3165 1439 3243 l”
1517 3179 1520 3188 '

533 3287 667 3397 Nescio
695 3313 769 3396 qua
785 3281 989 3365 autoritate
1002 3281 1134 3390 fretus
1158 3283 1235 3364 bac
1262 3283 1364 3364 discit
1390 3283 1458 3364 vir
1484 3282 1678 3366 reverendi
1749 3314 1804 3380 us,
1832 3312 1913 3366 cum
1940 3281 2035 3362 enim

479 3407 524 3490 de
559 3437 650 3488 novo
680 3405 815 3515 paucis
848 3401 982 3484 abhinc
1017 3403 1125 3484 annis
1165 3402 1486 3513 compingebantur
1522 3401 1654 3486 codices
1692 3402 1815 3511 rosim,
1861 3402 2036 3514 operculis

479 3527 675 3638 bibliopegi
692 3525 842 3608 incuria
861 3523 1012 3630 objedlis
1030 3525 1148 3606 multa
1166 3525 1364 3635 hessesmodi
1387 3525 1533 3608 indicia
1546 3527 1754 3633 perierunt.
1814 3527 1889 3608 Sed
1899 3525 2036 3634 sorsosn

479 3650 566 3732 bus'c
582 3647 745 3758 opinioni
758 3645 884 3752 orestem
894 3642 1339 3755 prabueruntstquentia
1356 3649 1473 3730 verba
1491 3647 1604 3728 minio
1623 3647 1664 3728 in
1684 3642 2036 3754 codicefiebnotata:

483 3784 511 3820 “
529 3773 664 3856 Verum
682 3797 763 3850 curn
780 3768 965 3848 autoritas
983 3782 1051 3847 tua
1078 3796 1133 3846 me
1153 3783 1337 3874 premeret
1357 3787 1398 3849 ut
1417 3770 1459 3850 de
1477 3767 1713 3872 inestimabili
1722 3766 1913 3876 sacrificio
1931 3763 2038 3846 veri·

482 3903 509 3940 ‘⁸
528 3893 622 3975 tatis
639 3885 971 3998 aliquascribenda
989 3885 1202 3967 dictitarem
1220 3907 1256 3968 et
1274 3887 1648 3996 ditlatascriberens”
1666 3931 1723 3950 ·-
1737 3889 1900 3968 Minime
1915 3894 2038 3967 tamen

480 4009 792 4122 exhincsequitur
809 4005 962 4087 codicem
973 4007 1133 4114 propria
1150 4035 1261 4088 manu
1281 4008 1477 4090 Boldwini
1489 4005 1606 4116 suiffe
1619 4007 1829 4117 scriptum
1858 4033 1904 4086 ex
1920 4002 2039 4084 codice

482 4137 578 4217 enim
615 4127 838 4242 autographo
875 4127 918 4209 in
951 4128 1072 4210 amnia
1096 4130 1292 4238 sequentia
1324 4130 1547 4238 exemplaria
1580 4125 1777 4236 neceffieria
1815 4121 2038 4232 transcribe-

482 4257 621 4340 bantur
661 4255 738 4336 bac
781 4249 922 4345 uerba3
974 4265 1148 4356 preterea
1194 4279 1240 4330 esc
1285 4251 1427 4358 epistola
1473 4245 1744 4356 nuncupatoria
1778 4245 1879 4356 sestis
1925 4243 2039 4354 liquet

484 4374 723 4458 Boldcoinum
769 4369 887 4452 adbuc
932 4369 1140 4452 monachum
1169 4367 1287 4478 fuise
1330 4371 1538 4477 Fordensem
1579 4367 1720 4482 quando
1762 4367 1839 4448 bac
1871 4365 2036 4476 scripse,

482 4498 590 4580 codex
611 4515 734 4580 tomen
763 4488 876 4598 nesler
900 4490 1050 4601 ffgiem
1075 4491 1150 4599 ej'us
1174 4490 1283 4572 babet
1308 4491 1401 4594 nesii
1420 4492 1626 4603 pontificali
1652 4507 1687 4572 et
1708 4489 1827 4598 pollio
1856 4486 2045 4687 indutpqm‘}

1994 4636 2012 4686 e

540 4949 717 5034 cxcix]
734 4949 797 5018 Vet.
814 4948 882 5010 Cot.
898 4943 943 5009 N.
962 4963 993 5030 ς.
1014 4941 1108 5008 MSS.
1125 4945 1210 5028 Angl.
1232 4945 1430 5033 ¹44⁶·¹⁶9›

540 5062 633 5145 CC.]
647 5061 710 5130 Vn.
727 5063 792 5126 Cot.
811 5056 853 5120 V.
872 5077 901 5144 3.
915 5056 1012 5122 MSS.
1030 5055 1114 5138 Angl.
1135 5057 1326 5142 ¹5⁶9··302·

539 5171 631 5259 CC.]
648 5171 717 5242 Vsde
730 5163 952 5238 CCCXXXI.
974 5188 1002 5234 1.
