4980 6264
1108 775 1239 872 LIX.
1915 797 1980 901 39

487 967 556 1076 43.
585 961 722 1042 Lettre
746 959 812 1041 des
841 957 989 1042 barons
1016 983 1069 1041 au
1093 979 1197 1068 pape
1220 952 1487 1038 Clementvi.
1516 983 1566 1038 nn
1586 955 1738 1065 English
1760 953 1980 1062 traossotion

587 1085 636 1192 of
646 1083 720 1164 this
744 1081 851 1163 letter
867 1083 1022 1164 written
1046 1108 1089 1162 on
1106 1095 1224 1188 poper
1247 1078 1289 1160 in
1315 1077 1375 1160 the
1399 1077 1489 1160 ioth
1507 1095 1654 1250 century
1672 1078 1705 1158 is
1728 1076 1922 1186 inserted
1904 1105 1979 1160 ern-

587 1203 760 1287 medonte
748 1233 775 1314 y
794 1202 949 1308 before
931 1219 978 1284 rt.

489 1339 559 1433 44.
587 1328 648 1408 La
669 1351 830 1408 manere
852 1325 901 1406 de
924 1324 964 1406 la
986 1317 1267 1407 renonciation
1286 1321 1350 1404 del
1370 1347 1443 1430 roy
1459 1318 1635 1404 Richard
1654 1322 1703 1405 de
1721 1319 1761 1406 sa
1778 1349 1927 1406 corone
1941 1332 1983 1404 et

588 1448 695 1530 dela
713 1442 883 1530 eleiiion
901 1443 966 1526 del
984 1471 1057 1554 roy
1075 1443 1208 1526 Henri
1233 1443 1269 1524 le
1288 1460 1429 1553 quarte
1448 1441 1539 1552 puis
1559 1443 1595 1524 le
1614 1443 1840 1552 conqueste.

489 1576 559 1680 '45.
587 1565 788 1650 Proceffus
813 1564 1048 1649 visitationis
1078 1563 1308 1648 monasterii
1333 1564 1383 1645 de
1406 1562 1607 1672 Begeham
1635 1593 1705 1675 per
1727 1565 1984 1649 Willelmum

588 1689 774 1772 abbatem
804 1689 853 1770 de
874 1688 1142 1796 Langedone;
1171 1684 1215 1770 in
1240 1712 1323 1796 qua
1346 1683 1569 1768 visitatione
1589 1684 1831 1771 Laurentius
1860 1687 1983 1770 abbas

586 1808 766 1893 officium
787 1807 1010 1918 resignavit,
1037 1824 1077 1890 et
1094 1809 1225 1896 Lucas
1251 1808 1300 1890 de
1319 1807 1503 1892 Coldone
1522 1805 1670 1892 electus
1695 1807 1750 1890 est
1775 1805 1820 1892 in
1845 1807 1991 1892 locum.

587 1930 687 2037 ejus,
707 1959 818 2013 anno
843 1957 913 2037 131
922 1957 959 2039 ς.

490 2054 560 2159 46.
588 2050 789 2134 Proceffus
808 2051 946 2134 nuntii
963 2077 1074 2162 papa
1092 2065 1234 2134 contra
1253 2076 1387 2160 regem
1408 2053 1614 2134 Ioannem.

491 2201 560 2285 47.
589 2177 712 2257 Carta
739 2174 842 2283 regis
867 2173 1061 2274 Iohannis
1081 2171 1189 2256 fabia
1217 2199 1330 2286 papa
1355 2189 1395 2255 et
1418 2172 1585 2256 ecclefiae
1607 2177 1819 2271 Romanae,
1850 2172 1987 2284 quase

586 2321 842 2405 regnumque
859 2292 977 2376 suum
1003 2291 1082 2376 sedi
1110 2292 1336 2410 apostolicae
1356 2291 1535 2401 subjecit,
1560 2311 1600 2378 et
1621 2297 1670 2378 ad
1689 2291 1900 2382 tributum·
1913 2323 1997 2382 an*-

586 2441 720 2500 nuum
741 2415 851 2500 mille
870 2441 1097 2498 marcarum
1116 2413 1351 2498 solvendum
1370 2414 1576 2526 obligavit.

490 2534 560 2644 48.
589 2538 707 2618 Bulla
734 2535 887 2647 papalis
924 2535 1171 2620 confirmans
1202 2537 1388 2620 chartam
1414 2537 1517 2648 regis
1547 2535 1742 2620 Iohannis
1772 2537 1823 2620 de
1851 2536 1985 2622 liberis

589 2655 852 2742 enitionibus
871 2656 1042 2740 ecclefiae
1058 2657 1308 2772 Anglicanae,
1327 2685 1439 2740 monn
1457 2659 1651 2742 neoterica.

490 2807 559 2890 49.
589 2783 795 2862 Statutum
815 2778 1003 2861 Edwardi
1021 2780 1094 2876 111,
1115 2805 1226 2862 anno
1244 2777 1359 2887 regni
1378 2780 1538 2890 Angliae
1560 2793 1628 2862 20⁰
1647 2777 1827 2864 Franciae
1847 2793 1916 2891 7⁰..

862 2901 891 2956 *
948 2901 975 2954 ⁴¹⁶
1030 2899 1304 3011 quedonfhiio
1323 2901 1442 3012 exciso
1497 2902 1524 2954 Ἰ
1582 2903 1608 2956 *

493 3049 559 3133 50.
587 3019 804 3104 Conclusio
822 3020 949 3102 bullae
963 3020 1116 3130 papalis
1136 3045 1211 3130 pro
1229 3019 1436 3104 residentia
1455 3023 1720 3131 prelatorum.

493 3171 560 3253 5n.
591 3141 809 3230 Trastatus
830 3139 1081 3249 theologicus
1100 3142 1149 3224 de
1168 3139 1302 3225 officio
1321 3141 1564 3238 sacerdotali,
1582 3147 1659 3225 &a

491 3291 557 3374 52·
587 3261 745 3348 Citatio¹
771 3259 892 3372 primi
917 3258 1086 3372 capituli
1110 3260 1381 3370 provincialis,
1411 3261 1458 3348 iu
1485 3289 1566 3372 qua
1589 3260 1775 3348 inseritur
1801 3263 1918 3378 copia
1947 3282 1998 3348 ete

587 3403 705 3471 tenor
733 3383 854 3468 bullae
879 3379 1035 3466 direaae
1058 3382 1336 3466 executoribus
1366 3411 1437 3496 per
1456 3381 1719 3466 Benediiium
1746 3411 1893 3497 papam
1918 3382 2000 3467 xii..

587 3530 841 3613 anno1327.

489 3653 562 3739 53..
586 3632 806 3711 Decretum
825 3620 1057 3736 principum
1073 3621 1252 3710 Romani
1270 3622 1442 3736 imperii,
1463 3627 1575 3734 quod
1594 3623 1813 3738 imperator
1833 3627 1996 3713 elesius·

585 3775 672 3832 non
692 3748 833 3830 debeat
852 3772 875 3830 a
894 3772 999 3856 papa
1017 3745 1264 3842 confirmari,
1287 3745 1443 3830 facium
1463 3773 1573 3831 anno
1599 3773 1727 3858 1327.

841 3867 867 3919 *
925 3867 952 3920 ³⁸·
1006 3865 1087 3946 alia
1105 3867 1269 3973 quadan
1287 3868 1409 3976 exciso
1466 3867 1492 3919 ³¹⁵
1552 3867 1578 3919 *

354 4075 360 4086 ,
491 4015 558 4100 524.
588 3983 909 4072 Constitutiones
927 3986 977 4068 de
995 3986 1225 4070 Clarendon
1244 3985 1361 4070 fauae
1381 4013 1451 4098 per
1469 3987 1636 4070 Henric.
1654 3993 1706 4074 ΙΙ.
1729 4017 1874 4074 anno-1
1890 3994 1977 4100 164.

588 4108 844 4204 Fratercnlus,
874 4108 940 4216 qni
962 4136 1021 4187 eos
1044 4109 1284 4219 transcripsit,
1312 4110 1463 4192 titulum
1480 4110 1656 4222 opposuit,
1688 4111 1865 4223 “sonesti
1881 4141 1986 4222 cyro·

589 4243 623 4280 ⁸⁴·
631 4231 815 4340 graphig
815 4231 934 4336 lorini
947 4233 1185 4341 neomartyris
1199 4233 1343 4316 Theron
1358 4235 1479 4344 primo
1497 4235 1604 4316 exilii
1622 4251 1657 4314 et
1668 4233 1788 4345 postea
1807 4237 1988 4350 martyrii.

639 4381 708 4434 cao
722 4383 767 4434 ae.

491 4501 557 4586 53³
585 4354 790 4594 Epistba„
783 4471 953 4558 Domini
972 4471 1269 4561 Cantuarienfis
1289 4473 1578 4591 archiepiscopi
1591 4478 1640 4559 ad
1663 4473 1986 4558 Cicesterc-ienses

583 4595 633 4676 de
652 4581 897 4704 cupiditate¹
888 4623 931 4676 m
950 4595 1118 4686 decimis
1134 4594 1336 4704 exigendis
1356 4595 1621 4706 reprimenda.

488 4717 556 4826 56.
584 4713 766 4796 Monitio
786 4714 887 4826 regis
907 4716 1056 4825 Edgari
1075 4717 1248 4830 praelatis
1269 4735 1307 4800 et
1328 4719 1539 4801 abbatibus
1543 4721 1644 4826 ,fine
1661 4720 1756 4800 muti
1756 4721 1847 4801 leto.

1742 4845 1830 4926 LX.
1861 4841 1980 4924 Codex

1073 5151 1163 5241 '43·]
1180 5152 1250 5224 lon
1264 5151 1317 5241 33·
